4388 5576
1193 613 1284 674 m
1865 671 1874 679 ,
2361 557 3136 661 ADDENDA

1181 763 1413 841 tentia,
1449 784 1532 826 ex
1566 759 1779 824 numis
1810 747 2140 835 omnibus,
2174 758 2285 841 qui
2314 757 2394 820 ad
2423 759 2678 825 Britan·
2717 808 2730 818 ,

1179 868 1325 931 niae
1363 886 1560 950 reges
1596 862 1841 926 referri
1880 861 2128 937 solent,
2171 862 2295 923 hos
2348 881 2494 923 esse
2540 862 2679 924 uni·

1184 991 1297 1034 cos
1318 1014 1334 1046 ,
1382 968 1463 1030 de
1500 964 1732 1051 quibus
1765 963 1938 1026 istud
1973 976 2153 1026 certa
2181 962 2312 1024 fide
2352 962 2681 1025 adfirmari

1179 1071 1406 1156 possit.
1441 1072 1675 1151 (Essay
1712 1067 1862 1134 Vol.
1885 1068 1963 1129 11.
1999 1088 2064 1149 p.
2090 1066 2267 1146 255.)
2306 1067 2553 1127 Tamen
2590 1064 2682 1126 vi-

1182 1174 1333 1249 deo,
1365 1192 1496 1233 non
1535 1168 1830 1231 omnibus
1858 1167 2029 1229 istud
2055 1166 2257 1230 fuisse
2293 1187 2499 1251 aeque
2531 1188 2682 1249 per-

1181 1295 1462 1338 suasum.
1493 1272 1729 1333 Plures
1750 1269 1994 1334 similes
2015 1283 2244 1332 auctor
2262 1270 2471 1332 musei
2486 1269 2679 1331 Pem-

1175 1375 1514 1440 brockiani
1550 1372 1880 1456 congessit
1920 1373 1986 1432 in
2021 1372 2303 1435 tabulam
2347 1382 2429 1452 94
2463 1372 2676 1433 Partis

1174 1476 1535 1553 secundae,
1572 1475 1688 1538 sed
1718 1490 1949 1537 numos
1990 1495 2135 1537 esse
2171 1474 2458 1537 Celticos
2492 1474 2676 1551 dixit,

1174 1594 1241 1642 et
1277 1578 1452 1663 quod
1484 1578 1689 1662 magis
1724 1577 1996 1655 mirum,
2036 1576 2352 1639 fluctuant
2384 1576 2509 1660 ipsi
2534 1577 2677 1640 Wi-

1172 1679 1305 1742 sius
1345 1693 1411 1742 et
1442 1679 1916 1765 IJinltertonus,
1974 1679 2085 1762 qni
2125 1699 2271 1742 esse
2315 1700 2427 1741 eos
2466 1679 2678 1740 Cune-

1171 1781 1378 1844 belini
1416 1780 1514 1841 sui
1552 1794 1738 1845 antea
1772 1780 2018 1847 diserte
2054 1780 2369 1845 docuere.
2426 1781 2681 1864 Quidni

1104 1902 1115 1910 ·
1175 1905 1418 1959 autem,
1452 1882 1661 1967 inquit
1688 1883 1802 1945 ille
1838 1883 1912 1964 (l.
1942 1884 2068 1965 c.),
2105 1876 2387 1944 mutatis
2417 1882 2676 1943 vicibus

1182 1987 1475 2049 CAMV
1507 1988 1601 2061 sit
1644 2007 1878 2048 nomen
1924 1987 2088 2059 viri,
2147 1983 2398 2047 GVNO
2439 1983 2678 2063 populi

1174 2101 1292 2149 aut
1349 2090 1579 2149 urbis?
1630 2107 1705 2148 ac
1752 2086 2036 2169 denique
2093 2084 2283 2147 variis
2334 2083 2674 2145 distractus

1175 2188 1517 2251 sententiis
1566 2188 1669 2250 his
1716 2187 1937 2251 verbis
1985 2185 2349 2250 orationem
2398 2185 2669 2248 clauditz

1169 2294 1241 2352 in
1297 2313 1366 2351 re
1418 2303 1556 2351 tam
1613 2293 1872 2353 incerta
1929 2295 2204 2367 qula-que
2244 2308 2365 2369 per
2407 2307 2508 2348 me
2547 2307 2674 2348 suo

1158 2394 1310 2471 jure
1348 2404 1602 2453 utatur.
1651 2393 1841 2454 Alter
1871 2390 2311 2452 Pinkertonus
2355 2409 2553 2471 agens
2591 2387 2672 2461 de

1170 2492 1583 2557 Cunobelino
1614 2494 1805 2575 (Vol.
1837 2495 1884 2554 Ι.
1922 2515 1985 2577 p.
2014 2491 2166 2574 296)
2218 2490 2425 2555 addit:
2487 2490 2675 2572 cujus

1150 2600 1346 2681 forte
1397 2597 1741 2680 (perhaps)
1796 2609 1952 2659 sunt
2007 2599 2228 2671 numi,
2285 2614 2449 2673 quos
2489 2593 2671 2669 justo

1075 2684 1091 2695 ⁸
1173 2720 1444 2759 numero
1496 2699 1840 2774 habemus,
1903 2718 1977 2759 ac
2033 2697 2255 2786 paullo
2310 2694 2509 2755 infra:
2580 2692 2674 2753 Hc·

1180 2800 1575 2861 Canobo-lini
1618 2799 1806 2860 numi
1835 2805 2032 2880 sorte
2080 2802 2273 2861 unici
2313 2809 2502 2872 sunt,
2559 2797 2676 2874 qui

1168 2922 1310 2961 esse
1345 2900 1730 2959 Britannici
1761 2889 1973 2960 videri
1995 2901 2291 2980 possint,
2325 2899 2675 2979 (apparen-

1172 3001 1265 3082 tly
1302 2999 1606 3082 British).
1662 2998 1827 3081 Ejus
1871 3000 2086 3061 videri
2131 3012 2386 3060 causam
2419 2998 2487 3059 in
2519 3012 2674 3060 nota

1177 3102 1467 3186 subjecta
1505 3100 1890 3184 explicatam
1923 3101 2264 3184 proponit,
2300 3100 2446 3184 quia
2475 3100 2542 3160 in
2569 3100 2671 3162 his

1173 3206 1387 3267 numis
1422 3219 1489 3268 et
1521 3203 1870 3287 imagines,
1905 3216 1973 3264 et
2008 3203 2351 3279 volumen,
2386 3217 2451 3265 et
2483 3224 2673 3284 appa-

1169 3330 1324 3371 rens
1364 3320 1540 3398 aptas
1584 3307 1672 3369 ita
1713 3305 1996 3381 variant,
2048 3319 2117 3366 ut
2150 3305 2278 3367 sint
2312 3304 2421 3389 qui
2455 3306 2672 3367 existi-

1172 3424 1381 3486 ment,
1418 3430 1659 3473 nomen
1695 3407 1861 3470 illud
1898 3428 2042 3470 esse
2077 3406 2433 3491 cujuspiam
2463 3407 2670 3468 numi-

1166 3515 1268 3575 nis
1319 3512 1589 3589 Gallici,
1643 3524 1756 3574 aut
1798 3510 2079 3585 herois,.
2102 3531 2236 3574 non
2279 3508 2671 3572 Cunohelini

1166 3615 1399 3680 nostri.
1436 3616 1793 3682 CAMV.·et
1811 3616 2015 3689 VEB,
2048 3635 2213 3698 quae
2239 3612 2369 3674 illis
2398 3612 2690 3695 inscrip-=

1166 3734 1230 3780 ta
1273 3707 1455 3795 sunt,
1510 3737 1655 3779 esse
1704 3736 1899 3799 posse
1945 3715 2208 3778 nomina
2252 3714 2664 3798 oppidorum,

1169 3834 1280 3883 aut
1321 3819 1656 3883 hominum
1704 3818 2126 3880 Gallicorum.
2186 3815 2381 3909 Quod
2421 3816 2508 3879 ad
2550 3838 2666 3878 no·

1104 3992 1134 4002 „
1167 3943 1320 3983 men
1368 3920 1715 3993 TASCIA,
1774 3918 1950 4001 quod
1992 3918 2059 3978 in
2104 3917 2182 3978 iis
2227 3917 2662 4002 perfrequens

1167 4036 1301 4100 cst,
1340 4022 1599 4097 attinet,
1635 4019 1797 4081 illud
1832 4040 2027 4100 saepe
2061 4039 2415 4082 occurrere
2448 4020 2513 4081 in
2549 4043 2663 4083 nu-

1166 4129 1324 4203 mis,
1374 4104 1487 4210 qui
1520 4125 1767 4209 absque
1815 4121 2012 4183 dubio
2062 4133 2210 4181 sunt
2249 4121 2504 4186 Gallici.
2561 4126 2663 4184 Ex

1164 4233 1294 4314 quo
1335 4239 1632 4313 apparet,
1685 4247 1769 4289 ne
1812 4224 1969 4308 ipsis
2006 4222 2269 4306 quidem
2311 4223 2537 4307 Anglis
2570 4247 2663 4286 sa-

1161 4335 1244 4396 tis
1280 4353 1423 4395 esse
1463 4331 1905 4413 exploratum,
1946 4319 2162 4388 utrum
2198 4326 2380 4387 numi
2415 4325 2660 4389 similes

1162 4435 1410 4518 majore
1438 4453 1716 4495 numero
1751 4432 1918 4492 intra
1949 4430 2112 4490 fines
2146 4450 2298 4491 suos
2327 4428 2659 4511 reperian-

1166 4553 1300 4610 tur3
1338 4557 1486 4596 nam
1520 4535 1573 4596 si
1606 4534 1776 4595 istud
1807 4546 2001 4606 esset,
2038 4545 2393 4613 possentne
2428 4530 2660 4593 haere-

1164 4661 1237 4700 re
1291 4637 1503 4709 dubii,
1553 4649 1768 4697 utrum
1819 4634 2055 4697 Gallici
2106 4634 2233 4696 sint
2277 4635 2526 4716 potius»,
2575 4656 2654 4696 an

1136 4737 1565 4802 ‘Bu-itanniei?
1622 4738 1720 4822 Cl.
1751 4736 2044 4798 Sestinus
2092 4757 2318 4799 ornnes
2369 4738 2490 4800 hos
2539 4758 2655 4799 nn·

1164 4866 1303 4907 mos
1337 4838 1725 4904 Cunobelini
1762 4839 2025 4902 nomine
2061 4853 2317 4903 notatos
2355 4862 2477 4926 pro
2510 4841 2654 4901 Bri-

2790 758 3064 823 tannicis
3101 755 3389 820 Gallicos
3419 757 3662 834 edixit,
3702 758 3805 822 sed
3830 781 4006 825 causas
4034 759 4127 823 reti·

2794 862 2947 926 cuit.
2994 862 3230 942 (ClasS.
3262 856 3553 943 general.
3586 863 3657 927 P.
3680 864 3755 925 11.
3787 883 3844 945 p.
3869 862 3944 944 3.)

2923 964 3087 1046 Typi
3123 964 3190 1023 in
3218 963 3320 1026 his
3352 964 3598 1041 numia,
3634 962 3794 1047 quod
3815 962 4131 1034 barbarorum,

2794 1065 2997 1128 fuisse
3031 1067 3369 1150 proprium
3401 1065 3555 1128 alibi
3586 1064 3869 1142 diximus,
3895 1065 4026 1147 capti
4046 1076 4135 1126 sunt

2796 1187 2880 1230 ex
2926 1181 3189 1230 moneta
3232 1167 3668 1245 Graecorum,
3710 1180 3773 1230 et
3802 1169 4130 1237 Romanorum,

2793 1270 2977 1333 nullo
3026 1291 3180 1333 sane
3218 1269 3299 1333 ad
3344 1269 3662 1334 certiores
3697 1268 3774 1333 de
3805 1269 3892 1332 his
3917 1268 4132 1349 conjectu·

2794 1393 2899 1434 ras
2936 1371 3250 1435 subsidiO.

2919 1476 3020 1539 De
3050 1473 3376 1557 inscriptis
3401 1472 3760 1537 nominibus
3787 1472 3909 1536 aliis
3934 1470 4131 1533 nonnulla

2792 1576 2961 1639 infra
3002 1575 3429 1641 monebimus.

3064 1830 3970 1946 GAMALODVNVM.

2918 2089 2988 2146 In
3026 2083 3564 2160 Trinobantibus,
3613 2082 3817 2146 serius
3849 2092 4050 2153 auctore
4072 2075 4138 2132 Ta·

2789 2188 2919 2249 cito
2955 2188 3235 2267 deducta
3265 2209 3301 2247 a
3335 2185 3610 2248 Claudio
3644 2181 3912 2259 colonia,
3949 2194 3999 2243 et
4019 2176 4140 2261 prima

2791 2287 3056 2372 quidem
3095 2292 3541 2351 Romanorum
3586 2289 3656 2350 in
3694 2284 3999 2349 Britannia.
4043 2275 4136 2343 Vide

2793 2390 3169 2454 Cellarium.

2920 2496 3028 2555 TI.
3072 2480 3390 2559 CLAVD.
3434 2491 3683 2556 CAES.
3722 2487 3907 2555 Ave.
3940 2479 4136 2544 erm.

2791 2597 2882 2661 M.
2915 2597 3057 2661 ΤΒ.
3086 2595 3160 2659 Ρ.
3193 2596 3333 2656 Xll.
3376 2595 3554 2657 IMP.
3588 2594 3788 2657 XIIX.
3840 2593 4012 2669 Caput
4037 2584 4143 2645 Clau-

2788 2699 2890 2758 dii
2905 2700 3173 2761 nudum.
3193 2695 3238 2755 Σ
3270 2689 4013 2758 COL.CAMALODON.
4026 2679 4141 2745 AVG·

2797 2797 3083 2859 Colonus
3141 2821 3362 2861 arans.
3435 2800 3577 2860 ΑΕ.
3635 2800 3687 2861 Ι.
3755 2793 4025 2878 (camden
4060 2804 4143 2871 1²³3·

2793 2899 3018 2963 CXXI.
3055 2900 3185 2966 tab.
3221 2924 3276 2975 ι.
3315 2921 3491 2963 num.
3518 2901 3619 2980 2.)

2916 3001 3126 3083 Hujus
3188 3002 3485 3065 coloniae
3535 3021 3816 3062 numum
3868 3017 3988 3061 cnm
4027 2989 4147 3069 capite

2785 3103 2946 3166 item
2971 3103 3221 3166 Claudii
3249 3107 3496 3187 primus
3525 3102 3717 3166 dedit
3733 3099 4018 3164 Goltzius:
4036 3086 4149 3153 COL-

2788 3205 3372 3274 CAMALODVN.
3415 3206 3509 3289 (in
3541 3207 3752 3271 Thes.
3789 3226 3850 3286 p.
3875 3200 4017 3278 238).
4050 3189 4151 3252 (30¹1-

2788 3309 3013 3370 zianae
3052 3307 3203 3371 huic
3231 3309 3446 3372 ‘merci
3491 3308 3557 3368 in
3605 3331 3727 3371 sua
3758 3304 3989 3368 urbium
4010 3291 4151 3359 uomit

2786 3412 3164 3474 matiearum
3202 3410 3375 3473 serie
3405 3413 3631 3473 locum
3671 3408 3853 3471 dedit
3884 3398 4150 3467 narduinus

2786 3515 2999 3576 sanius
3021 3514 3286 3598 negavit
3302 3514 3699 3580 Vaillantius
3724 3513 3793 3575 in
3813 3504 4068 3584 Ceionii&
4085 3513 4155 3581 ‘1¹¹⁰

2783 3615 2848 3675 in
2898 3637 3104 3699 opere
3140 3616 3386 3678 Goltzii
3424 3615 3705 3679 offucias
3750 3628 3816 3678 et
3852 3606 4074 3673 ludibria
4098 3619 4156 3657 εἰ·

2782 3717 2996 3781 clusit.
3057 3720 3375 3794 Numam,
3428 3739 3625 3802 quem
3678 3739 3764 3780 ex
3801 3711 4078 3778 camdeno
4100 3700 4161 3758 de·
4231 3751 4232 3786 Q

2780 3819 3049 3902 scripsi,
3119 3821 3364 3883 diserte
3426 3820 3754 3904 adprobat
3809 3815 4157 3878 Pinna-tonus:
4231 3809 4232 3872 l

2780 3921 2964 4003 (Vol.
2994 3924 3043 3985 Ι.
3076 3944 3140 4006 p.
3169 3923 3334 4003 280),
3374 3922 3498 3984 etsi
3545 3944 3705 3984 eum
3742 3923 3882 4005 ipse
3912 3937 4022 3979 nou
4045 3905 4160 3971 vidis

2778 4046 2925 4086 nam
2963 4024 3197 4086 recitat
3230 4046 3311 4087 ex
3343 4024 3611 4108 Speedii
3651 4021 3940 4085 Historia
3966 4009 4159 4094 Angtiac,
4231 4011 4232 4046 ¹

2780 4128 2892 4211 qui
2911 4113 3061 4189 eum
3081 4125 3253 4188 haud
3272 4124 3467 4188 dubie
3494 4147 3575 4189 ex
3595 4126 3930 4189 Camdeno
3957 4107 4163 4180 hauserit·

2900 4227 3280 4290 Praestabat
3311 4250 3577 4291 numum
3612 4230 3826 4303 hunc,
3864 4226 4188 4312 que1=11¹¹'³⁹‘⁴

2777 4343 2881 4393 ter
2904 4330 3300 4392 Camdennm
3321 4330 3604 4394 ineuntis
3620 4313 4172 4393 secutixvllscsiff*

2773 4445 3213 4494 torem-nemo
3251 4433 3450 4507 alius,
3489 4447 3556 4496 et
3582 4454 3671 4496 ne
3709 4433 3780 4493 in
3813 4431 3948 4513 ipsa
3976 4418 4172 4509 quidem·

2775 4534 2950 4619 quod
2991 4536 3237 4613 norim,
3287 4535 3620 4602 Britannia
3666 4534 3873 4607 vidit,
3919 4532 3978 4589 in
4012 4517 4178 4605 spurio-

2773 4659 2917 4698 rum
2964 4658 3239 4702 numero
3292 4638 3570 4715 habere,
3631 4636 3906 4719 juvante
3949 4628 4103 4693 etiam
4134 4612 4181 4680 ai

2772 4739 3205 4824 detegendam
3265 4741 3582 4802 fallaciam
3633 4735 4051 4821 inscriptione
4093 4723 4178 4783 TR-

2766 4839 2840 4907 P.
2881 4844 3025 4908 XII.
3066 4845 3242 4906 IMP.
3280 4844 3481 4905 XIIX.
3535 4862 3686 4904 cum
3745 4852 4024 4906 constet.
4069 4828 4187 4891 etan-
