4388 5576
899 476 1048 548 334

908 644 1065 708 XII.
1087 659 1361 721 namque
1387 640 1655 700 Tusciae
1671 640 1944 725 populos
1956 637 2404 717 frequentibus

812 800 815 803 ,
910 747 1113 808 armis
1167 743 1451 819 submit,
1506 748 1571 799 et
1617 742 1765 800 inde
1803 741 2051 819 fasces,
2119 739 2398 810 trabeae,

906 847 1157 921 curules
1174 885 1190 915 ,
1236 842 1466 904 annuli
1482 885 1498 916 ,
1536 843 1876 918 phalerae,
1912 841 2396 918 paludamenta,

898 944 1247 1026 praetexta
1263 986 1279 1018 ,
1310 946 1458 1003 inde
1491 944 1666 1024 quod
1687 961 1883 1001 aureo
1902 959 2102 1000 curru
2126 948 2403 1020 quatuor

907 1048 1090 1131 equis
1117 1047 1567 1120 triumphatur,
1613 1052 1800 1121 toyae
1822 1044 2071 1116 pictae,
2117 1043 2402 1103 tunicae-

798 1194 805 1203 .
906 1167 1032 1230 que
1063 1147 1430 1224 palmatae,
1475 1145 1693 1203 omnia
1729 1146 2000 1231 denique
2032 1147 2296 1216 decora,
2340 1151 2404 1201 et

907 1250 1232 1328 insiqnia,
1279 1248 1509 1327 quibus
1540 1246 1797 1321 imperii
1828 1246 2115 1320 diyuitas
2146 1245 2422 1315 eminet„

906 1358 1159 1421 sumpta
1201 1355 1369 1407 sarit.
1457 1343 1805 1424 Dionysius
1848 1340 2063 1403 Halic.
2124 1341 2189 1401 in
2250 1341 2401 1402 insi·

908 1434 1144 1530 guibus
1204 1445 1639 1527 principatus,
1711 1464 1874 1527 quae
1939 1456 2071 1506 tum
2133 1442 2399 1505 Priscus

905 1548 1184 1612 Romam
1224 1547 1585 1620 transtulit,
1632 1546 1918 1607 nominat
1955 1564 2258 1609 coronam
2288 1563 2402 1605 au·

904 1672 1103 1724 ream,
1135 1660 1201 1712 et
1227 1652 1573 1727 scipionem
1599 1650 1926 1709 habentem
1943 1650 2014 1708 in
2041 1649 2405 1707 summitate

906 1754 1231 1833 aquilam,
1263 1753 1545 1811 tunicam
1567 1770 1955 1826 pnrpuream
1985 1770 2143 1809 auro
2179 1750 2404 1808 distin·

906 1860 1113 1926 ctam,
1185 1861 1251 1913 et
1307 1861 1523 1931 toyam
1580 1871 1971 1929 purpuream
2025 1853 2275 1929 pictam
2320 1848 2400 1926 ⁸).

905 1951 1143 2035 Addit,
1189 1951 1393 2034 pulsis
1424 1949 1693 2030 regibus
1729 1952 1891 2013 baec
1925 1949 2204 2031 insignia
2248 1968 2406 2010 con-

908 2053 1160 2115 sulibus
1198 2052 1401 2115 fuisse
1437 2053 1785 2134 permissa,
1843 2050 2102 2131 dempta
2137 2070 2401 2125 corona,

908 2171 979 2218 et
1035 2170 1188 2237 toga
1243 2156 1452 2238 picta,
1512 2174 1873 2237 quanquam
1933 2164 2001 2213 et
2055 2150 2190 2225 his,
2253 2171 2402 2213 cum

905 2257 1580 2342 triumpharent,„usi
1638 2267 1805 2318 sunt.
1875 2253 2089 2314 -Numi
2134 2252 2404 2314 familia-

906 2378 1057 2422 rum
1104 2380 1328 2444 parum
1374 2377 1492 2418 nos
1537 2358 1896 2432 instruunt,
1956 2367 2263 2438 quantum
2320 2376 2404 2416 ex

844 2520 847 2523 .
907 2475 1010 2524 tot
1043 2460 1401 2542 insignibus
1441 2473 1739 2539 tempore
1777 2459 2025 2519 Romae
2077 2457 2288 2520 adhuc
2332 2457 2404 2518 li-

905 2561 1111 2626 berae
1190 2562 1550 2624 consulatui
1617 2560 1818 2622 fuerit
1895 2558 2239 2621 indultum.
2328 2561 2400 2618 In

906 2658 1394 2747 numis'gentis
1439 2664 1656 2725 Iuniae
1716 2662 1981 2743 fingitur
2038 2672 2228 2723 vetus
2283 2659 2401 2720 ille

902 2764 990 2833 L.
1039 2770 1316 2836 Brutus.
1379 2780 1444 2827 et
1494 2765 1634 2848 ipse
1685 2777 1833 2848 post
1883 2773 2147 2822 exactos
2205 2779 2400 2841 reges

903 2871 1158 2953 Primus
1204 2869 1433 2931 consul
1477 2845 1847 2940 inter'duos
1893 2865 2161 2924 lictores
2215 2862 2404 2924 fasci-

902 2972 1068 3046 bus,
1116 2985 1180 3032 et
1225 2970 1442 3031 secui-i
1486 2967 1793 3030 horridos
1837 2964 2245 3048 procederet
2295 2983 2399 3026 ve·

901 3095 1049 3136 rum
1088 3073 1343 3134 consuli
1374 3074 1516 3133 x11.
1542 3068 1765 3131 'fasces
1812 3066 2220 3151 praegestari
2253 3046 2407 3128 con-2

907 3174 1234 3250 suevisse,
1297 3173 1422 3257 jam
1471 3171 1782 3235 aliorsum
1841 3171 1992 3231 satis
2049 3168 2402 3231 constabat.

908 3279 981 3337 In
1030 3275 1314 3339 denariis
1368 3278 1562 3338 Corn.
1613 3272 1873 3347 Sullae,
1920 3267 2030 3353 qui
2083 3291 2204 3354 par
2252 3290 2404 3332 con·

908 3380 1120 3442 sulum
1162 3377 1441 3453 Sullam,
1500 3361 1571 3436 et
1598 3372 1983 3454 Pompejum
2023 3371 2266 3434 Rufum
2304 3373 2396 3432 of·

862 3493 867 3500 “
907 3481 1164 3554 ferunt,
1207 3493 1279 3540 ut
1323 3493 1389 3540 et
1429 3479 1495 3537 in
1539 3475 1807 3538 denario
1846 3473 2098 3543 Valerii
2131 3472 2404 3535 Messal-

905 3583 1050 3659 lae,
1118 3582 1430 3662 inscripto
1484 3578 1804 3640 PATRE.
1849 3570 2404 3650 COS.,'consuli-

896 3661 1231 3746 {ms-sella
1269 3681 1513 3742 curulis
1548 3678 1892 3752 tribuitur,
1941 3669 2055 3737 sed
2094 3675 2259 3736 hanc
2295 3672 2406 3735 alii

911 3785 1106 3848 etiam
1180 3782 1590 3863 magistratus
1648 3776 1986 3841 consulatu
2054 3775 2406 3837 inferiores

911 3905 1325 3968 communem
1402 3880 1711 3942 habuere.
1797 3881 1870 3940 In
1947 3875 2219 3936 denario
2278 3879 2407 3938 Au·

916 3989 1120 4072 gusti,
1187 4006 1377 4068 quem
1437 3980 1734 4043 dedimus
1793 3979 1856 4037 in
1902 3959 2094 4056 hujus
2138 3990 2403 4039 moneta

920 4090 994 4153 ad
1043 4109 1279 4152 annum
1324 4085 1405 4149 V..
1459 4084 1529 4147 C.
1576 4085 1734 4163 752,
1785 4091 2242 4163 proponuntur
2283 4076 2406 4139 sci-

913 4196 1026 4276 pio
1079 4212 1225 4255 cum
1273 4187 1520 4272 aquila,
1579 4197 1736 4265 toga
1779 4181 1987 4266 pict'a,
2049 4193 2119 4243 et
2159 4181 2404 4256 laurea,

915 4297 1032 4360 ned
1075 4314 1240 4378 quae
1281 4288 1494 4352 omnia
1540 4285 1955 4351 verisimilius
1986 4282 2081 4345 ibi
2114 4281 2250 4343 dixi
2281 4301 2405 4364 pro

916 4397 1313 4462 ornamentis
1387 4386 1917 4474 triumphalibus,
1988 4403 2180 4470 quam
2254 4403 2407 4447 con·

914 4485 1157 4563 'sulatus
1230 4492 1591 4579 insignibus
1664 4488 1987 4572 habenda.
2070 4486 2174 4552 Ad
2240 4485 2404 4550 baec

2197 447 2591 524 CARVT
2659 446 2718 521 I.

2517 631 2694 718 quod
2749 628 3008 706 attinet,
3072 647 3351 712 sequens
3413 639 3591 691 aetas
3625 627 3888 713 ,pluras
3936 640 4005 692 et
4111 701 4116 705 ,

2514 737 2802 798 certiora
2843 734 3057 796 docet.
3140 729 3333 813 Apud
3394 732 3751 816 Vopiscum
3814 730 4006 802 Vale·

2514 839 2734 900 rianus
2787 837 2953 919 Aug.
3012 834 3434 897 Aurelianum
3494 835 3666 898 inter
3721 835 3844 898 alia
3882 834 4006 911 ‚his

2515 940 2736 1005 verbis
2767 935 3140 1020 adloquitur
3169 932 3268 1018 b)x
3319 941 3484 1019 Cape
3512 941 3714 1017 iyitar
3739 942 3862 1001 tibi
3882 960 4005 1020 pro

2512 1045 2701 1105 rebus
2739 1044 2942 1122 yestis
2986 1043 3116 1102 tuis
3163 1072 3250 1086 -
3295 1070 3385 1085 -—-
3428 1074 3517 1084 —
3565 1051 3780 1119 toyam
3816 1063 4004 1122 prae·

2514 1154 2786 1217 textam,
2851 1144 3134 1204 tunicam
3182 1145 3539 1221 palmatam
3561 1186 3579 1214 ,
3642 1153 3857 1221 toyam
3907 1150 4010 1223 pt.

2514 1256 2702 1318 ctam,
2737 1247 3165 1306 subarmalem
3174 1248 3586 1325 psofandum,
3621 1248 3845 1307 sellam
3866 1251 4012 1311 ebo·

2515 1336 2767 1407 ratam-¹
2809 1348 2981 1406 Nam
3030 1356 3092 1406 te
3141 1349 3464 1407 consulem
3510 1348 3697 1407 hodie
3742 1350 4007 1427 desiyno

2515 1450 2867 1526 scripturus
2892 1449 2988 1506 ad
3005 1457 3327 1521 senatum,
3361 1458 3437 1508 ut
3459 1450 3583 1507 tibi
3606 1451 3862 1524 deputet
3883 1452 4007 1511 sci-

2511 1552 2799 1623 pionem,
2835 1552 3091 1626 deputet
3118 1554 3312 1611 etiam
3334 1550 3577 1628 fasces.
3622 1547 3872 1610 Similia
3897 1568 4004 1611 re*

2516 1647 2649 1711 fert
2702 1647 3150 1711 Cassiodorius
3203 1646 3493 1731 graviter
3545 1648 3609 1706 in
3662 1667 3777 1710 eos
3828 1650 4006 1714 inve·

2519 1764 2692 1824 ctus,
2738 1770 2900 1833 quos
2936 1751 3212 1831 Augusti
3257 1750 3438 1812 nullo
3483 1750 3724 1812 idoneo
3768 1753 4024 1815 merito‘

2517 1851 2878 1935 insignibus
2956 1853 3404 1916 consularibus
3483 1869 3878 1915 ornaverunt
3909 1857 4006 1936 0)=

2518 1958 2656 2017 Sed
2671 1976 2838 2016 stunc
2861 1946 3113 2016 sumitis
3133 1959 3262 2017 ista
3273 1958 3570 2036 felicius,
3610 1960 3867 2038 quando
3891 1978 4008 2020 nos

2518 2060 2818 2118 habemus
2850 2060 3102 2119 labores
3129 2061 3489 2134 consulum,
3525 2067 3732 2119 et‘oos
3755 2062 4008 2139 gandia

2517 2161 2927 2237 diynitatum.
2992 2190 3081 2205 -
3119 2190 3206 2215 -.-·
3248 2192 3329 2205 -
3393 2162 3597 2238 I’inqe
3640 2168 3857 2220 vastos
3884 2164 4010 2225 ‚ku-

2514 2280 2720 2322 meros
2739 2263 2923 2321 vario
2942 2261 3154 2322 colore
3164 2263 3495 2338 palmatae
3508 2304 3523 2334 ,
3569 2263 3858 2322 validam
3874 2282 4024 2322 ma«
4051 2264 4057 2270 ’

2516 2380 2667 2423 num
2691 2363 3022 2422 victoriali
3045 2364 3329 2439 scipione
3349 2364 3641 2437 nobilita,
3676 2366 3849 2424 lares
3861 2383 4013 2441 pros

2506 2467 2691 2542 prios
2709 2466 2904 2523 etiam
2920 2465 3158 2523 calceis
3176 2467 3431 2524 auratis
3447 2467 3761 2541 cyr-edere,
3786 2466 4012 2525 sellam

2514 2568 2794 2625 curulem
2825 2583 2945 2639 pro
2977 2582 3100 2621 sua
3127 2566 3579 2643 'maynitudiae
3610 2566 3829 2626 multis
3858 2585 4011 2644 qra-

2514 2666 2701 2723 dibus
2729 2665 2947 2723 enisus
2977 2667 3280 2735 ascende,
3318 2673 3393 2723 ut
3425 2666 3492 2722 in
3526 2666 3657 2722 otio
3690 2666 4012 2740 subjectus

2515 2765 2821 2826 merearis
2843 2805 2859 2835 ,
2906 2765 3079 2844 qaod
3107 2782 3226 2823 nos
3254 2782 3370 2842 per
3403 2766 3723 2824 maximos
3755 2766 4011 2833 labores

2516 2867 2899 2926 assumimus
2929 2866 3330 2941 imperantes.
3386 2861 3474 2922 Et
3505 2880 3674 2932 vero=
3696 2863 3759 2921 in
3793 2865 4009 2925 numis

2517 2952 3158 3046 Augustorum‘inde
3215 2984 3253 3024 a
3309 2960 3682 3024 declinante
3727 2962 4010 3047 imperio

2517 3084 2715 3146 saepe
2763 3062 3052 3126 occurrit
3095 3078 3395 3145 protome
3441 3054 4013 3148 imperatorisve·

2517 3180 2619 3228 ste
2681 3167 2956 3249 palmata
3020 3165 3453 3241 circumdata,
3516 3179 3584 3227 et
3646 3166 4013 3248 scipionem

2516 3266 2802 3350 praefixa
2844 3265 3055 3351 aquila
3099 3287 3289 3327 manu
3331 3280 3627 3347 gestans,
3692 3287 4013 3350 quo-con-

2519 3367 2727 3432 sulem
2790 3372 3153 3452 Augustum
3205 3367 3568 3449 intelligas.
3654 3371 3741 3430 At
3800 3382 4010 3433 totum

2518 3469 2859 3530 consulum
2941 3468 3229 3544 habitum
3309 3469 3553 3553 optime
3630 3471 3850 3554 capies
3929 3490 4010 3535 ex

2516 3568 2839 3651 diptychis
2896 3569 3234 3646 eburneis,
3299 3590 3602 3656 quorum*
3638 3593 3837 3635 unum
3899 3574 4012 3638 de·

2501 3669 2614 3763 ‚dit
2642 3672 3019 3753 Ducangius
3057 3673 3121 3731 in
3165 3671 3619 3735 dissertatione
3670 3673 3753 3737 de
3800 3676 4013 3739 numia

2518 3772 2855 3835 inferioris
2913 3772 3055 3835 aevi
3108 3774 3327 3836 tabula
3373 3776 3451 3850 1.‚
3531 3788 3602 3836 et
3657 3777 4013 3860 explicavit

2520 3875 2577 3951 §.
2618 3876 2764 3948 1V.,
2811 3873 2923 3933 ubi
2964 3874 3139 3938 varia
3173 3873 3409 3936 idonea
3459 3876 3541 3937 de
3589 3875 3810 3941 habitu
3857 3897 4012 3941 con·

2521 3974 2723 4035 sulari
2754 3974 2927 4036 illius
2959 3976 3183 4038 aetatis
3214 3963 3430 4038 docet.
3487 3981 3648 4039 Item
3702 3998 3783 4041 ex
3824 3998 4011 4061 prae·

2519 4074 2698 4138 claro
2732 4074 2861 4137 alio
2897 4075 3246 4159 diptycho,
3290 4076 3467 4160 quod
3521 4078 3674 4141 olim
3726 4079 3847 4162 fuit
3878 4085 4011 4145 No-

2518 4175 2892 4259 rimbergae
2936 4178 3001 4239 in
3045 4177 3315 4242 aedibus
3357 4180 3881 4260 Negeleinianis,
3928 4184 4009 4246 ab

2518 4278 2893 4342 auctoribus
2976 4278 3169 4341 variis
3253 4281 3510 4344 erudite
3591 4283 4010 4365 explicatum,

2519 4394 2584 4444 at
2642 4379 2843 4444 hodie
2905 4379 3079 4445 inter
3128 4383 3675 4465 praestantissima
3733 4386 4013 4466 cimelia,

2479 4507 2486 4514 ·
2521 4502 2687 4569 quae
2730 4483 3053 4567 insignem
3097 4484 3475 4547 thesaurum
3533 4486 3629 4550 ill.
3673 4487 3930 4551 comitis
3971 4511 4010 4551 a

910 4638 3986 4672 *W

991 4718 1050 4782 a)
1095 4713 1234 4766 Ant.
1276 4705 1337 4763 L.
1379 4706 1477 4763 111.
1518 4723 1577 4780 p.
1620 4723 1694 4761 m.
1739 4713 1858 4775 195.

1963 4721 1971 4727 ·
2062 4695 2151 4776 b)'
2173 4702 2236 4762 in
2275 4698 2623 4759 Aureliane.

2827 4700 2887 4771 c)
2923 4689 3161 4758 Varia-r.
3200 4696 3265 4758 L.
3303 4696 3406 4758 Vl.
