4388 5576
1132 606 1190 679 ,Ιι
2305 586 3088 663 ADDENDA

1137 783 1265 850 que
1315 763 1385 824 in
1440 759 1758 845 utrisque.
1781 778 2099 843 apparere
2144 770 2389 822 certam
2438 780 2636 843 quan-

1135 867 1284 929 dam
1331 864 1578 928 metalli
1624 862 2099 938 differentiam,
2149 862 2460 924 mixtione
2488 906 2507 938 ,
2566 874 2637 923 ut

1134 968 1347 1033 videri
1381 966 1625 1050 possit,
1673 966 1740 1026 in
1780 965 2078 1029 omnibus
2114 963 2398 1026 fortuita.
2463 963 2633 1025 Sane

1131 1070 1319 1132 iniis
1371 1088 1668 1152 quoque,
1722 1067 1833 1150 qui
1879 1066 2216 1149 pondere,
2265 1064 2635 1142 volumine,

1132 1171 1301 1254 typis
1341 1184 1489 1231 sunt
1518 1168 1857 1244 simillimi,
1894 1169 2022 1230 hoc
2060 1188 2261 1231 unum
2298 1165 2638 1230 observari

1136 1272 1529 1347 discrimen,
1566 1271 1741 1354 quod
1773 1271 1882 1332 alii
1920 1270 2090 1352 plus,
2135 1269 2246 1330 alii
2276 1269 2488 1330 minus
2530 1290 2639 1331 cu·

1135 1374 1239 1459 pri
1289 1374 1657 1450 continent,
1712 1386 1779 1435 et
1818 1372 1989 1434 forte
2022 1371 2131 1434 vix
2162 1383 2370 1433 exstat
2403 1392 2636 1432 numus

1135 1489 1361 1551 vetus,
1415 1476 1524 1558 qui
1559 1496 1728 1558 puro
1777 1474 1859 1537 sit
1895 1494 2135 1556 cupro,
2191 1472 2492 1535 omnibus
2528 1472 2641 1535 ali-

1141 1600 1265 1663 qua
1289 1578 1518 1641 saltem
1548 1575 1856 1639 materiae
1883 1575 2371 1658 heterogeneae
2400 1574 2654 1636 admixm

1141 1680 1321 1743 tione
1371 1678 1782 1753 adulteratis,
1819 1698 2033 1761 neque
2067 1677 2240 1739 istud
2276 1678 2342 1737 in
2367 1698 2662 1743 „romanat

1139 1782 1354 1846 solum
1395 1794 1690 1856 moneta,
1723 1779 1840 1841 sed
1870 1780 2119 1841 Graeca
2156 1800 2440 1864 quoque.
2485 1782 2647 1842 Per·

1142 1902 1339 1945 curre
1389 1902 1620 1943 numos
1671 1881 1930 1942 urbium
1974 1882 2257 1943 Maesiae
2298 1882 2647 1944 Thraciae·

1142 2005 1293 2072 que,
1345 1984 1707 2066 Phrygiae,
1757 1984 2017 2063 Syriae,
2057 1983 2339 2066 Aegypti
2370 1997 2497 2047 etc.
2542 1986 2647 2045 Ex

1144 2108 1275 2171 quo
1305 2086 1451 2169 jure
1488 2088 1657 2149 licet>
1679 2105 1984 2168 arguere,
2021 2085 2373 2147 discrimen
2404 2085 2644 2148 valoris

1144 2210 1291 2252 esse
1326 2188 1393 2249 in
1425 2189 1634 2249 numis
1665 2188 1742 2249 iis
1774 2207 1903 2248 non
1936 2186 2225 2269 potuisse
2248 2232 2265 2263 ,
2308 2187 2375 2247 in
2413 2186 2644 2269 quibus

1142 2305 1275 2353 tam
1329 2311 1485 2373 vaga
1536 2290 1658 2351 fuit
1713 2309 1786 2351 ae
1841 2288 2161 2349 fluctuans
2188 2272 2206 2327 ἶ
2228 2290 2645 2350 metallorum

1146 2413 1263 2465 eos
1308 2391 1838 2454 constituentium
1886 2388 2281 2456 distributio.
2342 2390 2477 2452 Aes
2534 2388 2648 2451 ssa·

1146 2516 1302 2557 vum
1325 2493 1391 2553 in
1420 2494 1665 2575 majore
1689 2494 1890 2556 fuisse
1924 2492 2094 2578 apud
2118 2505 2383 2557 veteres
2410 2492 2645 2574 pretio,

1146 2618 1339 2682 quam
1367 2580 1681 2679 cuprum,
1708 2610 1778 2658 et
1809 2580 2070 2680 quidem
2089 2641 2105 2671 ‚
2136 2609 2206 2658 ut
2234 2595 2645 2658 confidenter

1147 2698 1426 2775 adserit,
1484 2699 1723 2782 duplo,
1778 2720 1906 2782 quo
1960 2711 2228 2760 auctore
2281 2696 2644 2780 acceperit,

1146 2802 1408 2885 ignoro.
1467 2802 1541 2863 Si
1583 2823 1812 2867 verum
1847 2801 1970 2862 fuit
2009 2800 2445 2875 orichalcum,
2491 2817 2658 2883 quo--⁸

1150 2904 1324 2966 niam
1363 2916 1625 2966 veteres
1668 2902 1750 2963 de
1785 2901 1914 2962 hoe
1966 2900 2249 2966 metallo¹
2279 2921 2486 2983 aeque
2535 2921 2649 2962 no-
2694 2936 2698 2939 ·

1150 3004 1251 3067 his
1285 3003 1616 3098 incondita
1645 2999 1999 3078 tradidere,
2036 3022 2226 3084 quam
2260 3001 2342 3064 de
2379 3002 2650 3064 carbun-

1094 3155 1101 3160 η
1152 3108 1305 3170 culo
1364 3127 1514 3182 suo,
1580 3119 1650 3169 et
1704 3126 2107 3189 gemmarum
2164 3097 2446 3181 virtute,
2506 3103 2678 3186 ejus,

1150 3210 1437 3294 pretium
1470 3212 1675 3270 multo
1706 3208 1951 3271 auctius
1978 3207 2190 3290 potuit
2218 3207 2648 3280 constituere;

1098 3313 1101 3320 ’
1150 3319 1297 3376 ham
1326 3310 1551 3393 etipse
1574 3310 2069 3393 cl.Procopium
2097 3309 2249 3372 citat
2267 3309 2450 3392 (Pag.
2481 3309 2649 3384 108),

1155 3435 1284 3499 quo
1320 3427 1489 3475 teste
1524 3412 1688 3476 illud
1728 3414 1947 3477 valore
1991 3411 2136 3474 fere
2182 3413 2331 3473 cu'm
2372 3423 2649 3493 argento

1155 3516 1632 3600 aequiparatur.
1681 3515 1795 3578 Sin
1828 3534 2100 3597 cuprum
2131 3513 2530 3574 ordinarium
2561 3511 2655 3572 di-

1154 3640 1349 3684 versa
1383 3620 1697 3681 mixtione
1741 3629 2169 3698 temperatum
2191 3660 2208 3690 ,
2257 3613 2441 3693 cuius
2477 3627 2656 3675 natu-

1156 3740 1272 3785 rae
1306 3735 1405 3784 est
1435 3742 1627 3784 omne
1656 3740 1767 3782 aes
1796 3718 2058 3795 ssavum,
2089 3718 2247 3781 tanti
2278 3716 2472 3800 pretii
2501 3731 2656 3778 tam·

1160 3844 1287 3906 que
1344 3844 1562 3884 rarum
1619 3842 1763 3883 esse
1812 3842 1941 3882 non
1993 3821 2205 3903 potuit
2243 3820 2351 3883 vel
2393 3832 2658 3902 propte-

1160 3944 1313 4000 rea,
1365 3924 1512 4007 quia
1550 3923 1714 3984 iliud
1754 3924 1861 3986 vel
1902 3922 2317 3984 tenuissimae
2367 3921 2656 3982 omnium

1160 4025 1508 4110 reg‘ionum
1547 4023 1745 4088 urbes
1786 4027 2088 4088 monetae
2129 4045 2281 4086 suae
2317 4023 2654 4088 materiam

1161 4150 1308 4193 esse
1342 4129 1715 4193 voluerunt.
1920 4131 1933 4136 “

1240 4362 1246 4367 -
1288 4319 1454 4399 Peg.
1495 4314 1803 4380 XXXII.
1847 4315 1977 4380 col.
2009 4331 2069 4379 a.
2109 4316 2232 4377 lin.
2267 4330 2363 4378 ια.
2398 4334 2529 4394 seq.

1286 4437 1458 4499 Dele
1494 4435 1599 4500 hic
1639 4436 1810 4499 dicta
1848 4434 1932 4499 de
1965 4434 2259 4500 Faliscis.

1223 4683 1237 4689 -
1334 4625 1493 4703 Pdg.
1526 4573 1950 4686 XXXVIII:
1978 4622 2106 4687 col.
2143 4644 2197 4687 ι.
2236 4620 2355 4683 lin.
2396 4621 2489 4683 ιθ.

1291 4742 1478 4826 Lege
1533 4740 1615 4804 ad
1670 4741 1837 4807 hanc
1883 4762 2139 4805 causam
2181 4738 2656 4824 praefationem

1168 4844 1403 4908 Romei
1451 4843 1533 4934 ‘le
1588 4844 1792 4919 l'lsle,
1853 4865 1925 4910 ac
1966 4844 2320 4929 praecipue
2368 4842 2657 4906 testimo-

2747 753 2930 821 nium
2981 755 3429 840 Barthelemyi
3488 755 3647 821 ibid.
3708 776 3846 840 pag.
3889 755 4058 823 XXV.
4100 757 4144 815 in

2749 876 2925 926 nota.
3321 892 3326 897 ·

3328 1045 3490 1127 Pag.
3527 1044 3686 1109 LII.

2880 1165 3050 1235 Vide
3081 1164 3392 1228 nonnulla
3422 1163 3762 1227 observata
3791 1162 3863 1225 ad
3889 1164 4054 1244 Caput
4074 1161 4146 1223 XI.

2750 1271 2821 1332 in
2850 1264 3341 1351 Encyclopedie
3367 1263 3790 1350 methodique
3814 1264 3917 1328 des
3937 1263 4148 1346 Antiqui·

2754 1371 2855 1436 tes
2893 1371 3011 1434 sub
3054 1375 3238 1436 coin.

3222 1558 3386 1638 Pag.
3420 1552 3786 1618 LXXVII.

2887 1675 3103 1737 Etiam
3135 1675 3216 1756 in.
3242 1674 3530 1737 Neronis
3566 1687 3826 1737 moneta
3853 1686 4057 1737 exstant
4082 1692 4152 1729 nu·

2763 1777 2854 1841 mi
2891 1778 3115 1855 aenei,
3153 1778 3264 1862 qui
3296 1777 3412 1839 has
3437 1790 3625 1839 notas
3657 1793 4054 1860 suppressere.

2990 1967 3154 2045 Pag.
3185 1962 3521 2027 LXXXI.
3555 1963 3685 2028 col.
3716 1979 3775 2028 2.
3817 1960 3925 2025 lin.
3948 1959 3998 2024 8.

2889 2082 3208 2147 Deleatur
3243 2081 3478 2146 Elidis.

2765 2273 2927 2352 Pag.
2959 2266 3394 2331 LXXXVII.
3430 2267 3555 2331 col.
3583 2288 3644 2332 ι.
3683 2268 3804 2331 lin.
3838 2266 3894 2333 3.
3919 2276 4066 2349 post:
4085 2263 4154 2340 ju·

3038 2369 3280 2433 dicia
3322 2373 3740 2454 refutata
3784 2372 3966 2432 adde.-
4025 2411 4034 2419 -

2886 2490 3117 2552 Exstat
3181 2502 3398 2552 tamen
3457 2490 3648 2553 locus
3709 2489 4048 2573 singularis,
4090 2483 4153 2567 qui

2760 2589 2889 2655 huc
2922 2591 3242 2674 pertinet,
3284 2593 3455 2676 apud
3485 2596 3813 2658 Zonaram
3854 2595 3950 2676 (L.
3978 2588 4156 2652 XIV-e·

2763 2695 2896 2776 22).
2933 2696 3168 2758 Narrat
3209 2695 3265 2757 is
3300 2695 3382 2759 de
3417 2696 3774 2761 Iustiniano
3804 2695 4153 2756 Rhinotmeto:

2761 2819 2878 2871 τας
2917 2819 3064 2878 προς
3103 2819 3242 2872 τους
3269 2801 3523 2879 Αραβας
3558 2803 3868 2877 συνθηκας
3900 2799 4157 2876 ‚ragennam

2760 2897 2962 2961 citrea»
3012 2900 3309 2980 εἰληφως,
3370 2899 3467 2964 ὅτι
3518 2906 3712 2977 ς-αλε»
3761 2923 3833 2962 το
3875 2923 3970 2961 του
3999 2895 4160 2969 im*
4255 2949 4256 2962 ,

2763 3014 2940 3084 Pogon
2972 2987 3287 3087 χειραέγμα
3328 3002 3394 3065 οὖ
3434 3002 3768 3086 Ρωμαῑκον’
3793 3002 3921 3087 ἐιχι
3949 3010 4160 3076 σφεαψθ·
4255 3065 4256 3068 ,

2760 3127 2888 3187 μα,
2935 3101 3110 3167 ἄλλα
3144 3126 3260 3193 yso»
3307 3093 3597 3185 Αράβιον.
3659 3099 3832 3165 Ουδε
3867 3122 3980 3189 «γαρ
4008 3091 4160 3177 ‘'hu'’

2760 3223 2972 3290 χρυσῳ
3014 3225 3343 3289 νομισμιιτι
3389 3227 3754 3292 χαρακτηρα
3798 3191 4162 3269 inm-mitani

2763 3330 2866 3369 τον
2916 3330 3022 3396 ‘roy
3076 3313 3380 3382 βασιλεως
3421 3307 3724 3390 Ρὼμαιων
3746 3353 3765 3386 ,
3824 3308 4041 3391 foedus
4074 3314 4162 3361 ⁶⁰¹¹

2773 3411 3119 3473 Arabibus
3196 3412 3418 3494 rupit,
3502 3430 3784 3490 caysam
3838 3416 4164 3494 praetexens,

2769 3516 2946 3591 quod
2997 3517 3206 3575 missa
3250 3514 3392 3574 sibi
3443 3517 3657 3575 annai
3708 3512 3944 3575 tributi
3991 3511 4166 3568 moneta

2770 3628 3002 3696 typum
3054 3636 3186 3676 non
3228 3614 3508 3676 haberet
3545 3610 3948 3687 Romanum,
3985 3608 4076 3670 sed
4105 3620 4168 3660 tw

2771 3738 2924 3778 vum
2965 3718 3363 3781 Arabicum.
3423 3714 3648 3796 Neque
3687 3718 3867 3778 enim
3905 3711 4067 3774 licuit
4091 3720 4170 3763 mv

2772 3832 2968 3879 neme
3017 3838 3262 3879 aureae
3320 3819 3532 3879 aliam
3584 3819 3958 3899 impn‘mere
3997 3818 4168 3871 notam,

2775 3939 2972 3997 quam
3015 3921 3437 4003 imperatoris
3479 3919 3793 3982 Romani.
3853 3911 4090 3977 Euhoe
4118 3919 4171 3964 ἰθ-

2773 4020 3099 4096 stimonio,
3135 4020 3310 4104 quod
3344 4018 3636 4083 Bimardi
3663 4017 4028 4081 industriam
4051 4005 4170 4090 fugit,

2771 4124 3093 4200 eruimus,
3126 4144 3202 4186 ea
3236 4137 3484 4199 aetate,
3523 4143 3650 4206 qua
3682 4122 3891 4205 magis
3925 4117 4091 4182 adhuc
4114 4131 4177 4170 va·

2770 4226 2943 4290 lidae
2984 4239 3201 4305 erant,
3236 4225 3708 4309 imperatorum
3744 4221 4021 4287 Orientis
4047 4214 4179 4276 vires.

2772 4342 2840 4390 et
2891 4327 3115 4392 vicinis
3157 4328 3416 4412 populis
3465 4325 3890 4400 formidatae,
3942 4316 4178 4385 exstitisse

2772 4430 3051 4515 aliquam
3084 4431 3329 4516 legem,
3366 4449 3531 4514 quae
3564 4428 3643 4488 iis
3676 4441 3972 4489 monetae
3996 4431 4180 4484 aureae,

2770 4532 2896 4594 nisi
2931 4531 3392 4615 imperatoriae
3427 4552 3615 4596 usum
3653 4529 4088 4596 interdiceret,
4113 4526 4184 4578 ⁸⁸¹¹

2772 4636 2966 4697 etiam
3028 4634 3127 4716 jus
3190 4633 3664 4717 imprimendae
3727 4629 3990 4695 alterius
4050 4630 4183 4685 nom

2769 4750 3226 4822 praeterquam
3268 4736 3580 4820 principis
3623 4735 3935 4809 Romani,
3985 4736 4186 4805 eamqfl²

2769 4841 2898 4922 jam
2953 4838 3226 4902 infirmis
3277 4841 3723 4903 Romanorum
3787 4835 3982 4900 rebus
4041 4825 4188 4893 adhuc
