4388 5576
1137 606 1290 680 AD
1362 606 1934 682 VOL‘VMEN
2000 607 2480 685 PR-IMVM.
3301 632 3344 697 5

247 775 560 853 valuisse,
616 793 735 839 seu
778 775 1296 859 obtemperatum
1347 790 1560 855 esset,
1610 799 1731 842 seu

245 872 408 955 non,
459 877 612 939 inde
657 879 814 943 licet
859 879 1223 962 conjicere,
1279 878 1455 963 quod
1488 878 1600 942 illa
1637 880 1757 940 in-.

242 977 447 1043 fracta
492 1001 708 1042 ansam
762 980 942 1042 dedit
978 982 1329 1045 Iustiniano
1380 981 1729 1064 rumpendi

240 1078 554 1158 foederis,
588 1096 653 1146 et
670 1083 831 1146 belli
848 1084 1175 1147 inferendi
1188 1106 1210 1165 3
1239 1083 1533 1147 Lieuisse
1563 1084 1728 1147 adeo

240 1181 582 1261 Romanis,
621 1207 778 1268 quas
807 1186 1024 1261 libuit,
1056 1186 1245 1270 leges
1276 1186 1491 1263 ferre,
1528 1199 1591 1248 at
1619 1187 1731 1250 ex'·

243 1283 398 1346 teris
431 1307 690 1369 quoque
720 1279 1112 1363 nationibus,
1151 1286 1229 1349 iis
1257 1309 1511 1351 morem
1545 1308 1733 1372 gere-

240 1405 351 1460 re,
395 1399 538 1462 aut,
583 1407 731 1449 cum
770 1401 974 1450 tutum
1003 1389 1156 1467 fuit,
1195 1391 1549 1473 aspernari.
1597 1389 1732 1453 Sed

242 1485 404 1549 haec
433 1499 568 1549 tum
593 1502 837 1552 tantum
871 1512 1021 1555 vera
1043 1505 1234 1553 erunt
1256 1492 1554 1575 putanda,
1581 1512 1729 1554 cum

239 1587 580 1655 adstruere
611 1594 905 1674 Zonarae
944 1593 1132 1657 dictis
1170 1593 1371 1657 fidem
1411 1594 1726 1659 volemus.

450 1779 522 1837 P.
557 1744 964 1840 LXXXJX.
999 1779 1125 1843 col.
1162 1781 1378 1845 1.-lt’n.
1421 1802 1515 1854 ¹7·

365 1895 621 1960 Verba:
670 1899 817 1978 Ipse
850 1872 1247 1961 Pellerini'us
1266 1934 1499 1948 ------
1521 1901 1729 1961 Baec-

236 1997 380 2059 tiae.
424 1999 918 2083 Expungantur.

540 2187 612 2248 P.
649 2183 877 2249 Xon.
917 2182 1040 2246 σοι.
1070 2200 1131 2249 2.
1172 2156 1311 2249 1th
1332 2207 1355 2245 ι
1376 2206 1428 2250 ι.

356 2304 490 2367 Pro
510 2303 922 2367 Faliscorum
940 2304 1256 2367 Etruriae
1273 2304 1453 2389 lege:
1484 2303 1730 2366 Elidis.

431 2491 504 2551 P.
536 2486 801 2550 XCIII.
839 2487 964 2547 ool.
996 2504 1057 2552 2.
1082 2500 1240 2569 post
1271 2490 1393 2552 lin.
1424 2448 1528 2551 25.

358 2606 456 2668 Cl.
490 2607 932 2668 Pinkertonus
972 2606 1337 2672 mirabilem
1383 2628 1536 2669 sane
1580 2628 1726 2670 cau-

232 2731 365 2772 sam
397 2708 662 2793 ingerit,
692 2728 810 2777 cur
840 2728 1034 2792 saepe
1064 2709 1129 2769 in
1155 2730 1500 2772 numorum
1523 2709 1725 2771 Grae·
1788 2786 1789 2790 Ἰ

227 2805 455 2886 corum
490 2812 697 2873 antica
730 2813 1473 2898 compareatinscriptio'
1505 2812 1721 2889 latina,

225 2913 294 2975 in
315 2935 541 2979 aversa
559 2913 832 2977 Graeca.
858 2914 969 2975 Ait
990 2916 1223 2997 (Essay
1251 2937 1338 2977 on
1372 2914 1545 2979 med.
1569 2918 1646 2980 Τ.
1669 2917 1719 2980 Ι.

225 3036 290 3098 p.
321 3019 474 3096 σιω)
494 3058 510 3090 ,
546 3014 957 3097 magistratus
987 3014 1296 3092 Graecos,
1330 3038 1476 3080 cum
1508 3011 1741 3079 statim'

226 3115 640 3199 imperatoris
670 3117 754 3180 R.
785 3115 1133 3197 imaginem
1163 3132 1424 3197 praesto
1453 3139 1585 3179 non
1614 3120 1723 3180 ha·

223 3219 500 3293 herent,
546 3217 883 3278 matricem
918 3217 1342 3278 monetariam
1375 3219 1584 3280 Roma
1623 3239 1724 3279 ar·

226 3319 593 3384 cessivisse.
638 3317 901 3379 Missam
931 3337 1094 3392 eam,
1122 3329 1193 3378 ut
1221 3338 1340 3399 par
1372 3332 1531 3395 erat,
1571 3340 1725 3381 con-

223 3420 493 3483 tinuisse
523 3419 930 3503 epigraphen
950 3418 1266 3483 Latinam.
1302 3420 1487 3482 Hanc
1516 3420 1721 3503 ipsam

224 3522 499 3599 deinde,
534 3535 605 3584 ut
638 3534 1025 3605 parceretur
1056 3520 1439 3602 sumptibus,
1477 3521 1558 3583 ad
1588 3544 1727 3585 mo-

223 3639 443 3688 netam
484 3645 660 3687 suam
697 3622 1086 3701 adhibitam,
1131 3637 1315 3706 parte
1370 3643 1595 3687 aversa
1637 3624 1717 3686 ab

228 3727 478 3790 artifice
518 3727 775 3790 Graeco
809 3725 1159 3791 elaborata.
1216 3726 1306 3786 Et
1344 3724 1719 3790 confirmari

225 3828 439 3906 istud,
507 3829 683 3912 quod
736 3826 903 3888 nulli
962 3840 1072 3889 aut
1127 3826 1315 3909 pauci
1370 3843 1717 3891 occurrant

224 3932 408 3994 numi
452 3930 694 4007 exteri,
726 3929 794 3991 in
826 3948 1103 4013 quorum
1136 3926 1344 3992 antica
1373 3945 1548 3992 esset
1584 3931 1721 4015 epi·

225 4034 475 4119 graphe
516 4033 800 4110 Graeca,
845 4031 915 4092 in
958 4051 1186 4094 aversa
1224 4032 1474 4103 Latina.
1534 4034 1718 4099 Haec

225 4160 261 4200 a
296 4137 442 4203 viro
482 4134 739 4200 erudito
782 4132 1038 4217 prodita
1076 4133 1156 4197 ab
1194 4133 1354 4215 ipsis
1385 4136 1596 4197 numis
1630 4135 1723 4198 fa·

225 4237 357 4302 cile
391 4238 808 4304 refelluntur.
866 4238 1140 4300 Exstant
1172 4237 1351 4299 numi
1383 4236 1721 4321 Philippo-

226 4341 460 4425 poleos
501 4340 854 4402 Thraciae:
902 4342 1077 4405 lM'P.
1114 4340 1359 4403 CAES.
1400 4341 1716 4406 DOMrr.

226 4441 433 4510 AVG.
462 4437 737 4504 GERM.
776 4439 966 4503 COS.
998 4443 1199 4504 x1111.
1236 4445 1482 4506 CENS.
1519 4444 1715 4505 PER.

224 4545 305 4607 P.
348 4544 424 4606 P.
484 4543 552 4602 in
588 4561 872 4605 aversa:
960 4533 1719 4606 ‹DIAHIHOIIOAEI-

227 4641 474 4710 ΤΩΝ.
505 4645 610 4705 Ex
641 4643 971 4707 mentione
1002 4645 1368 4708 consulatus
1382 4648 1556 4714 XIV.
1576 4668 1719 4710 cer-

224 4763 365 4811 tum
400 4761 534 4823 est,
585 4767 701 4809 eos
737 4745 1022 4831 signatos
1060 4745 1258 4810 fuisse
1301 4748 1468 4810 intra
1510 4771 1712 4813 annos

224 4852 310 4918 V.
350 4852 422 4915 C.
477 4851 639 4925 841,
693 4851 856 4926 842,
914 4850 1028 4933 qui
1079 4851 1481 4935 respondent
1529 4853 1716 4916 annis

1842 779 2226 864 imperantis
2273 775 2632 840 Domitiani
2676 778 2823 844 Vn.
2870 793 2936 841 ct
2987 781 3158 848 vm.
3242 781 3348 844 An

1846 902 2010 965 ergo
2046 882 2208 965 ipsis
2237 884 2420 943 annis
2451 882 2593 947 Vll.
2639 880 2989 963 imaginem
3028 882 3341 965 principis

1844 984 1946 1044 sui
1991 983 2279 1047 nancisci
2333 1002 2466 1045 non
2515 994 2823 1065 poterant
2872 982 3346 1067 Philippopoli-

1841 1086 1995 1148 tae?
2053 1084 2231 1179 Quid
2274 1084 2451 1169 quod
2483 1086 2732 1147 Romae
2771 1084 2902 1168 jam
2942 1105 3110 1148 anno
3151 1087 3231 1152 V.
3263 1086 3341 1151 C.

1846 1186 1970 1250 823
2004 1207 2152 1249 cum
2183 1187 2539 1249 Domitiani
2564 1186 2846 1271 imagine
2879 1188 3018 1249 cusi
3052 1201 3201 1250 sunt
3226 1208 3343 1248 nu-

1848 1288 1972 1363 mi,
2026 1304 2097 1351 et
2132 1310 2258 1372 per
2287 1294 2517 1352 'omnes
2558 1288 2925 1372 provincias
2955 1288 3195 1371 sparsi3
3248 1310 3343 1350 sa-

1846 1390 1927 1451 tis
1967 1409 2130 1473 ergo
2171 1389 2323 1451 inde
2365 1390 2444 1452 ab
2481 1390 2661 1452 annis
2694 1386 2837 1451 fere
2878 1389 3020 1447 XX.
3056 1389 3338 1471 cognita.

1846 1493 2119 1553 Exstant
2148 1490 2328 1553 numi
2348 1491 2679 1575 Agrippae
2709 1494 2788 1556 ΙΙ.
2818 1489 3058 1566 Iudaei,
3085 1489 3152 1550 in
3183 1511 3343 1573 quo-

1796 1658 1799 1667 ,
1847 1614 1991 1654 rum
2026 1594 2437 1658 anticaz'lM.
2467 1594 2596 1654 CA.
2632 1595 2713 1656 D.
2738 1592 2984 1659 VESP.
3009 1591 3085 1653 F.
3109 1592 3333 1656 DOM.

1785 1724 1789 1729 ·
1847 1695 1990 1759 AV.
2028 1695 2229 1760 GER.
2272 1695 2461 1759 COS.
2497 1696 2639 1759 ΧΠ.
2705 1694 2771 1755 in
2822 1712 3080 1757 aversa:
3146 1687 3337 1753 Esst.

1845 1795 1989 1857 BA.
2020 1791 2146 1855 AF
2151 1794 2260 1859 ΡΙ.
2294 1797 2440 1862 ΕΤ.
2476 1796 2606 1868 Κς.
2648 1796 2713 1857 S.
2751 1795 2822 1856 C.
2867 1795 3338 1877 Praeterquam

1847 1898 2021 1979 quod
2067 1898 2144 1961 ad
2193 1898 2314 1959 hos
2362 1917 2592 1958 numos
2646 1894 2825 1957 idem
2878 1895 3083 1972 valet,
3162 1897 3339 1978 quod

1847 1999 2042 2060 modo
2073 1998 2155 2060 de
2187 1996 2719 2082 Philippopolitis
2752 1996 3079 2072 dixeram,
3116 1994 3339 2056 obser-

1830 2100 2121 2165 -randum
2158 2100 2382 2175 etiam,
2429 2100 2485 2160 si
2526 2099 2759 2161 matrix
2799 2097 3054 2187 ‚anticae
3104 2096 3339 2158 fuisset

1840 2203 1908 2263 in
1944 2202 2106 2264 urbe
2139 2202 2474 2277 confecta,
2529 2202 2964 2263 monetarium
3001 2197 3102 2258 illi
3131 2198 3339 2259 inser-

1836 2318 2057 2365 turum
2091 2303 2296 2365 fuisse
2329 2302 2852 2385 inscriptionem,
2897 2321 3063 2386 quae
3101 2301 3169 2360 in
3202 2321 3362 2373 mo-N

1751 2401 1763 2412 ’
1836 2419 1991 2466 neta
2033 2406 2326 2466 Romana
2378 2405 2598 2468 valuit.
2673 2404 2761 2465 Αι
2769 2442 2798 2486 ,-
2817 2423 3137 2486 percurre
3189 2422 3335 2493 eam

1840 2519 2074 2582 totam,
2120 2518 2187 2567 et
2231 2506 2429 2567 talem
2468 2527 2602 2567 non
2638 2506 2960 2589 reperies.
3001 2504 3182 2566 Idem
3226 2523 3333 2565 me

1841 2628 2160 2691 sponsore
2193 2607 2593 2691 experieris,
2640 2607 2693 2667 si
2727 2606 2887 2667 alios
2915 2605 3103 2686 hujus
3138 2624 3336 2687 gene·

1839 2710 1932 2771 ris
1990 2729 2224 2770 numos
2247 2754 2263 2786 ,
2335 2728 2407 2771 ac
2471 2708 2823 2792 praecipue
2884 2707 3331 2769 Antiochenos

1838 2833 1986 2876 cum
2029 2825 2289 2874 moneta
2325 2813 2406 2873 R.
2445 2791 2823 2873 contuleris.
2871 2811 3015 2872 Huc
3054 2809 3331 2886 accedit,

1838 2915 2015 2999 quod
2051 2917 2113 2976 in
2147 2915 2250 2976 his
2282 2932 2540 2997 quoque
2570 2912 2764 2975 facile
2797 2910 3107 2973 fabricam
3140 2934 3176 2972 a
3201 2914 3332 2974 Ro-
3373 2953 3378 2956 κ

1838 3040 2025 3080 mana
2070 3019 2394 3080 diversam
2444 3014 2858 3078 discreveris.
2920 3014 3167 3076 Confer
3212 3014 3334 3075 ite·

1837 3141 1985 3179 rum
2043 3117 2421 3200 cumprimis
2467 3116 2937 3178 Antiochenos.
3009 3116 3106 3175 Ac
3156 3117 3360 3197 quod-

1840 3218 2188 3300 praecipue
2211 3239 2353 3279 rem
2387 3215 2650 3288 evincit,
2680 3227 2827 3275 sunt
2848 3214 3328 3279 numiOthonis

1840 3318 2132 3403 ejusdem
2163 3316 2582 3391 Antiochiae,
2619 3314 2685 3374 in
2723 3313 2954 3397 quibus
2989 3315 3329 3399 inscriptio

1839 3422 2066 3505 capitis
2105 3434 2206 3482 est
2248 3418 2508 3493 Latine,
2559 3430 2623 3479 at
2671 3416 3082 3500 imperatoris
3130 3417 3331 3481 linea-

1836 3536 2091 3599 menta,
2150 3536 2220 3584 et
2261 3520 2472 3584 cultus
2521 3518 2748 3602 capitis
2803 3531 2930 3581 tam
2979 3540 3015 3579 a
3066 3534 3329 3583 moneta

1839 3625 2064 3687 urbica
2095 3623 2338 3699 aliena,
2366 3636 2436 3686 ut
2468 3622 2658 3684 facile
2692 3635 3027 3705 appareat,
3058 3642 3178 3684 eos
3212 3644 3328 3684 nup

1834 3748 1975 3788 mos
2007 3726 2392 3794 Antiochiae
2423 3741 2612 3787 cusos
2646 3736 2866 3802 antea,
2900 3745 3090 3806 quam
3119 3723 3211 3784 ibi
3241 3723 3326 3787 de

1834 3850 1991 3894 vera
2031 3829 2170 3912 ejus
2208 3828 2491 3909 imagine
2538 3848 2620 3889 ex
2666 3843 2925 3890 moneta
2956 3830 3038 3891 R.
3074 3841 3326 3889 consta-

1832 3945 1973 4008 ret,
2007 3953 2137 4016 quo
2171 3931 2255 3995 de
2296 3945 2679 4015 argumento
2708 3931 2837 4014 jam
2873 3929 2981 4013 egi
3015 3930 3079 3990 in
3112 3929 3323 3992 numia

1835 4034 1978 4119 ejus
2014 4023 2322 4118 Augusti.
2359 4033 2543 4128 Quae
2582 4054 2743 4117 ergo
2780 4055 2970 4095 causa
3001 4031 3158 4107 fuit,
3202 4051 3321 4093 cur

1831 4157 2062 4198 numos
2129 4137 2248 4198 hos
2314 4136 2641 4219 bilingues
2701 4135 2979 4197 ferirent
3038 4133 3320 4195 Graeci?

1831 4217 1979 4321 Ego
2013 4239 2079 4299 in
2111 4239 2239 4300 hoc
2272 4238 2560 4300 instituto
2588 4260 2782 4299 unum
2811 4236 3007 4302 video
3039 4235 3318 4300 valuisse

1828 4341 2209 4414 arbitrium,
2257 4339 2430 4423 quod
2471 4339 2744 4402 maxime
2779 4350 3045 4421 apparet
3088 4358 3169 4399 ex
3203 4359 3320 4398 nu·

1808 4433 1953 4503 xmis
1970 4442 2375 4517 Antiochiae,
2402 4441 2470 4501 in
2500 4440 2734 4525 quibus
2757 4440 2934 4501 nulla
2956 4453 3135 4501 certa
3161 4439 3314 4522 lege

1829 4545 2056 4628 capitis
2107 4542 2467 4626 epigraphe
2513 4542 2642 4625 jam
2695 4541 2944 4604 Graeca
2996 4555 3126 4617 est,
3180 4542 3315 4624 jam

1827 4646 2073 4712 Latina.
2122 4647 2196 4705 In
2225 4646 2436 4707 numis
2461 4644 2601 4708 a1iis
2626 4643 3003 4706 Polemonis
3027 4647 3076 4708 1.
3119 4645 3314 4706 Ponti

1827 4749 2007 4831 regis
2049 4749 2264 4832 legas:
2325 4749 2501 4811 lMP.
2547 4748 2912 4815 CAESAR.
2947 4748 3186 4822 AVG„
3243 4748 3311 4808 in

1816 4845 1972 4916 'aliis
2000 4844 2517 4915 ΚΑΙΣΑΡΟΣ.
2549 4843 3084 4922 ΣΕΒΑΣΤΟΤ.
3122 4848 3305 4928 (Vol.
