4388 5576
1045 468 1196 546 DE
1287 467 1910 545 CONSVLIB.
1995 458 2601 549 CAESARI‘B.

636 558 669 575 a..

307 645 615 716 Claudius
677 640 1035 734 Agrippam
1095 651 1383 717 Herodis
1440 653 1532 714 M.
1593 671 1797 736 nepo·

306 736 440 815 tem
501 749 615 814 illa
672 749 1053 816 decoratum
1098 755 1309 817 voluit
1347 754 1444 837 ⁸),
1504 774 1651 819 cum
1698 756 1800 819 illi

308 854 457 933 iam.
493 865 681 917 antea
740 854 1034 938 Caligula
1103 853 1465 939 imperante
1536 872 1800 923 senatus

297 952 641 1017 *Romanus
714 952 1095 1021 ornamenta
1163 959 1496 1044 praetoria
1573 958 1801 1024 decre·

306 1058 507 1120 visset
533 1052 639 1136 ι1).

331 1208 337 1214 .
439 1155 834 1249 Quaeritur,
877 1172 1093 1222 utrum
1138 1144 1244 1235 lii,
1289 1160 1402 1244 qui
1449 1160 1805 1226 consulari-

285 1260 432 1340 ,bus
476 1261 874 1325 ornamentis
930 1263 1147 1326 donati
1194 1263 1422 1342 fuere,
1481 1283 1631 1328 cum
1691 1264 1803 1328 de-

307 1366 469 1434 inde
527 1362 834 1427 consules
877 1378 1372 1446 processerant,
1430 1365 1804 1431 consulatus

316 1487 657 1532 numerum
694 1464 1039 1529 auxerint?
1123 1468 1338 1547 Negat
1368 1467 1541 1530 istud
1575 1467 1639 1529 in
1672 1469 1805 1532 Oc-

310 1570 569 1635 taviano
615 1565 745 1629 Dio
792 1568 874 1647 c),
962 1568 1126 1630 Nam
1170 1587 1319 1631 cum
1368 1570 1476 1632 hic
1521 1570 1803 1653 primum

313 1682 694 1737 ornamenta
754 1668 1156 1747 consularia,
1230 1682 1298 1731 ut
1358 1673 1668 1735 continuo
1711 1671 1806 1733 di·

314 1776 526 1838 ximus
548 1818 563 1849 ,
610 1792 685 1836 ac
718 1770 937 1852 paullo
973 1785 1118 1854 post
1147 1771 1551 1835 consulatum
1590 1774 1802 1859 ipsum

321 1874 727 1952 abstulisset,
771 1893 903 1934 non
939 1856 1153 1955 ttamen
1195 1874 1371 1935 hunc
1401 1871 1803 1937 am'bitiosius

320 1974 677 2048 secundum
724 1974 999 2038 vocavit.
1090 1977 1320 2038 Statim
1387 1997 1548 2041 vero
1609 1977 1803 2058 subji-

314 2079 403 2144 cit
447 2089 711 2153 auctor,
775 2076 948 2138 istud
1003 2077 1071 2137 in
1115 2077 1434 2142 similibus
1491 2077 1804 2163 deinceps

317 2178 619 2245 omnibus
682 2198 890 2262 usque
951 2178 1032 2241 ad
1088 2199 1205 2245 sua
1265 2195 1561 2267 tempora
1604 2181 1808 2244 fuisse

320 2280 769 2357 observatum,
810 2280 1110 2363 'primum
1157 2296 1373 2349 autem
1416 2276 1646 2345 'fuisse
1692 2283 1811 2346 Se-

315 2382 737 2466 verumsqui
784 2403 1038 2446 morem
1088 2388 1379 2449 mutavit.
1463 2386 1626 2448 Nam
1660 2404 1808 2447 cum

316 2485 726 2548 Plautianum
757 2486 1173 2568 primumbis
1218 2489 1652 2565 ornamentis,
1699 2487 1812 2550 de·

318 2587 473 2650 inde
503 2586 647 2669 ipso
678 2588 1017 2650 consulatu
1057 2589 1394 2663 donasset,
1444 2611 1592 2652 eum
1628 2591 1813 2656 velut

321 2690 558 2751 iterum
597 2689 934 2750 consulem
965 2692 1335 2755 renunciari
1369 2692 1676 2775 jussisse,-
1717 2695 1813 2756 id·

296 2810 447 2874 =que
469 2787 706 2852 deinde
742 2792 821 2854 ab
855 2768 1027 2857 aliis
1028 2813 1286 2878 quoque
1317 2796 1516 2859 fuisse
1547 2796 1808 2860 factum.

247 2892 258 2902 ’
323 2898 572 2956 famen
605 2895 967 2956 Macrinum
1012 2895 1076 2954 in
1106 2917 1176 2958 se
1222 2917 1465 2962 novum
1504 2899 1677 2962 istud
1718 2901 1815 2964 in-

322 2995 610 3056 stitutum
660 2996 999 3063 observari
1042 2991 1376 3076 noluisse,
1420 2997 1700 3066 diximus
1743 3003 1809 3064 in

320 3095 458 3177 ejus
497 3098 735 3174 numis.
810 3117 816 3122 ·

875 3297 883 3320 ³
966 3258 1253 3374 §.v1.‘

457 3501 669 3583 Supra
721 3502 774 3577 §.
826 3500 906 3559 11.
966 3519 1187 3568 causas
1242 3461 1588 3562 nonnullas
1647 3500 1822 3578 dedi,

328 3622 493 3685 quae
530 3601 990 3684 imperatores
1057 3601 1140 3664 ad
1212 3599 1822 3668 consulatum-‘sive

329 3702 853 3796 suscipiendum,
913 3702 1050 3766 sive
1111 3701 1656 3787 frequentandum
1712 3727 1824 3788 ge·

326 3808 609 3868 iteratim
683 3805 1032 3890 impulere.
1136 3809 1226 3871 At
1291 3826 1464 3869 nunc
1535 3811 1822 3870 curatius

330 3907 828 3992 explicandum,
889 3930 1052 3994 quae
1105 3909 1352 3972 fuerint
1391 3928 1655 3984 causae,
1701 3930 1823 3972 cur

332 4031 561 4075 eorum
615 4012 834 4073 multis
891 4013 1245 4095 placuerit,
1313 4026 1497 4074 certo
1541 4011 1820 4096 quodam

331 4113 499 4176 anno
530 4115 867 4197 suscipere
896 4110 1327 4178 cons’ulatum.
1415 4115 1595 4177 Inter
1627 4135 1821 4199 regu·

334 4214 429 4277 las
466 4210 794 4300 hypaticas
848 4237 884 4277 a
935 4215 1141 4296 Pagio
1188 4215 1565 4282 constitutas
1610 4219 1822 4300 prima

256 4303 259 4306 ’
334 4328 473 4393 est,
516 4318 848 4403 principes
882 4319 1200 4400 proximis
1233 4329 1383 4404 post
1431 4319 1675 4383 aditum
1706 4322 1823 4383 im-

3250 478 3389 543 331
3512 469 3524 487 ⁸

1908 652 2167 737 perium
2205 647 2526 713 Kalendis
2567 650 2701 711 lan.
2760 642 3130 729 procedere
3173 662 3404 709 consu·

1911 753 2014 815 les
2044 752 2487 817 consuevisse.
2535 751 2639 817 *Vt
2674 769 2806 811 non
2837 768 3150 833 negamus
3173 792 3191 826 ,
3233 749 3407 811 hunc

1914 840 2171 919 morem
2206 854 2445 917 multos
2472 853 2905 937 imperatores
2948 872 3093 916 esse
3123 866 3408 930 secutos,

1912 971 2132 1022 tamen
2189 970 2445 1021 certum
2506 968 2642 1032 est,
2716 976 2858 1019 eam
2915 956 3218 1040 regulam·
3274 974 3413 1018 sae-

1912 1061 2059 1144 pius
2107 1059 2373 1124 fallere.
2457 1061 2520 1120 Is
2563 1079 2721 1133 ,mos
2765 1079 2803 1120 a
2849 1059 3117 1121 Nerone
3164 1073 3407 1124 tractus

1913 1160 2194 1229 videtur.
2283 1164 2482 1224 Certe
2542 1159 2674 1232 illi,
2737 1158 2849 1241 qui
2901 1160 3203 1243 proxime
3267 1163 3410 1224 'suc-

1916 1282 2222 1339 cessere,
2315 1261 2559 1336 Galba,
2635 1263 3110 1343 Vespasianus,
3198 1263 3410 1343 Titus,

1912 1363 2359 1441 Domitianus,
2421 1365 2675 1426 ¹Nerva
2738 1362 3024 1427 Neronis
3101 1366 3411 1450 exemplo

1916 1466 2236 1551 proximis
2281 1452 2599 1528 Kalendis
2656 1468 2791 1541 lan.
2837 1466 3243 1529 consulatum
3286 1468 3418 1530 ini·

1917 1588 2118 1634 v-ere..
2203 1562 2416 1661 Quod·
2463 1586 2610 1629 cum
2670 1565 2984 1650 Traianus
3037 1566 3414 1632 faciendum

1916 1670 2047 1734 non
2070 1682 2379 1753 putasset,
2411 1667 2571 1729 dixit
2591 1668 2843 1729 Plinius
2876 1670 2975 1752 d):
3023 1673 3214 1753 initio
3228 1678 3413 1752 prin-

1917 1777 2170 1852 cipatus
2206 1775 2606 1834 consulatum
2644 1775 2991 1846 recusasti,
3034 1792 3219 1855 quem
3260 1778 3416 1835 novi

1919 1879 2337 1953 imperatores
2383 1878 2770 1936 destinatum
2811 1876 3068 1935 amrin
3110 1886 3419 1938 see-tram·

1886 1979 2232 2057 ferebant.
2317 1974 2463 2034 Ex
2445 1974 2603 2056 ipsis
2637 1993 2798 2056 ergo
2826 1973 2928 2035 his
2962 1974 3163 2035 Plinii
3190 1975 3412 2039 verbis

1897 2077 2046 2160 ‚ja'm
2110 2078 2264 2138 satis
2327 2075 2549 2138 elucet
2609 2075 2718 2137 hic
2777 2095 2921 2138 mos
2980 2077 3107 2158 jam
3148 2091 3286 2141 tum
3330 2077 3414 2142 ab

1920 2168 2427 2262 imperatoribus
2487 2176 2827 2240 observari
2891 2179 3154 2257 solitus,
3235 2184 3414 2266 quod

1922 2284 2118 2343 etiam
2180 2278 2523 2342 confirmat
2579 2279 2956 2360 Spartianus
3002 2282 3281 2366 loquens
3330 2283 3416 2349 de

1925 2384 2119 2446 Aelio
2180 2384 2461 2445 Caesare
2513 2392 2675 2444 'moae
2719 2388 2949 2446 consul
2987 2397 3276 2461 creatus,
3357 2400 3423 2452 ee
3520 2424 3524 2429 «

1925 2489 2083 2568 quia
2115 2497 2264 2547 erat,
2288 2490 2628 2563 deputatus
2666 2489 2929 2563 imperio
2949 2531 2965 2562 ‚
3012 2490 3240 2550 iterum
3269 2510 3420 2552 con·

1922 2590 2033 2648 sul
2058 2590 2433 2666 desiynatus
2462 2597 2577 2648 est.
2662 2586 2819 2646 Post
2850 2586 3195 2668 Traianum
3227 2589 3419 2655 suere

1923 2706 2055 2749 non
2112 2687 2335 2770 pauci,
2404 2686 2514 2769 qui
2557 2684 2636 2746 ab
2679 2706 2760 2749 eo
2812 2688 3207 2767 discessere,
3254 2713 3421 2776 quos

1926 2786 2200 2874 collegit
2245 2786 2674 2851 Mazzolenus
2708 2792 2806 2874 ι’),
2854 2804 2920 2854 et
2965 2792 3191 2857 videre
3227 2812 3422 2881 potes

1925 2890 1990 2950 in
2026 2889 2226 2951 fastis.
2311 2892 2556 2959 Dicere
2589 2913 2752 2976 ergo
2787 2915 3128 2979 possumus
3162 2902 3419 2963 more'm

1925 2990 2143 3052 multis
2166 2991 2470 3074 placitum
2508 2996 3031 3079 imperatoribus,
3070 2998 3186 3061 sed
3205 3002 3421 3065 minus
3479 3065 3484 3070 .

1928 3093 2250 3159 concinne
2294 3094 2616 3178 regulam.

2053 3194 2323 3255 Factum
2361 3198 2597 3265 etiam‘,
2641 3210 2715 3258 ut
2750 3181 3178 3279 imperatores
3211 3209 3426 3290 vario-

1927 3313 2076 3354 rum
2121 3295 2489 3357 solennium
2529 3316 2718 3359 causa
2766 3301 3172 3364 consulatum
3213 3327 3429 3370 sume-

1900 3408 2100 3497 rent.
2187 3396 2293 3457 De
2326 3399 2624 3478 Augusto
2662 3397 2907 3462 diserte
2941 3381 3294 3469 Suetonius
3341 3407 3419 3495 ί),

1918 3489 2206 3580 petiisse
2240 3517 2388 3559 eum
2421 3501 2824 3562 consulatum
2864 3502 3043 3567 x111.
3072 3518 3158 3566 et
3171 3522 3427 3590 postre-
3597 3547 3606 3564 .

1937 3619 2151 3673 ιιιιιιιι,
2213 3612 2282 3662 ut
2330 3597 2555 3681 Cajum
2602 3614 2668 3662 et
2724 3602 3000 3665 Lucium
3050 3604 3222 3671 filios
3293 3633 3423 3674 am-

1937 3701 2231 3785 plissimo
2266 3702 2600 3783 praeditus
2635 3703 3030 3784 magistratu
3057 3729 3175 3773 suo
3202 3733 3427 3797 quem·

1937 3823 2065 3887 que
2101 3803 2424 3883 tyrocinio
2454 3803 2848 3869 deduceret
2861 3808 2927 3868 in
2975 3807 3213 3875 forum.
3301 3818 3424 3879 Im·

1934 3919 2277 4000 perator-es
2329 3904 2531 3967 infimi
2583 3908 2765 3989 aevi,
2826 3911 3055 3973 saltem
3104 3928 3255 3994 eos,
3312 3922 3426 4004 qui

1939 3993 2234 4070 Orientis
2283 4012 2586 4072 consules
2636 4010 2792 4075 dicti
2841 4011 3069 4092 fuere,
3125 4021 3213 4082 ait
3252 4023 3427 4089 The·
3481 4053 3486 4054 ff

1936 4111 2224 4188 minius,
2288 4111 2461 4174 istud
2498 4112 2638 4176 sibi
2690 4135 2953 4196 semper
3005 4113 3425 4189 devitandum

1937 4213 2379 4289 existimasse,
2424 4227 2580 4278 utne
2617 4217 3130 4301 quinquennali,
3162 4236 3272 4285 aut
3314 4224 3425 4288 de·

1936 4317 2194 4381 cennali
2230 4329 2531 4380 vertente
2557 4318 2886 4382 curriculo
2919 4310 3068 4382 enin
3089 4325 3426 4406 magistra·
3456 4367 3462 4373 -

332 4519 3420 4551 ————————————-———-——-————p——-——-

413 4664 478 4735 a)
514 4660 632 4718 nio
660 4658 728 4718 1..
761 4660 886 4720 Lx.
927 4664 977 4734 ς.
1009 4652 1061 4722 s.

324 4768 458 4826 neg.
497 4770 547 4810 c.
586 4764 680 4817 57.
824 4750 888 4821 e)
927 4747 973 4811 l.
1010 4767 1186 4826 saepe
1225 4769 1274 4809 c.
1308 4761 1376 4828 p.
1419 4763 1545 4817 131.

1206 4657 1278 4724 b)
1316 4658 1489 4718 Philo
1528 4659 1660 4721 adv.
1700 4661 1895 4719 Flacc.
1940 4680 2000 4736 p.
2029 4679 2104 4717 m.
2139 4669 2268 4726 523.

1688 4751 1739 4824 i)
1777 4761 1908 4828 cap.
1948 4753 2035 4813 26.

2431 4627 2489 4734 α’)
2530 4660 2593 4718 L.
2625 4660 2835 4726 XLVI.
2878 4668 2928 4738 ς.
2963 4666 3057 4769 4⁶·
3221 4671 3289 4747 d)
3329 4653 3436 4762 ¹⁵5¹ss

2811 4846 3023 4907 Τι’
