4388 5576
1089 463 1240 541 DE
1331 462 1953 540 CONSVLIB.
2040 453 2645 538 ΟΑΕὸΑΡιΪΒ.

682 556 711 571 Q

266 607 271 611 ·
350 641 659 739 Claudius
721 643 1079 729 Agrippam
1139 646 1428 712 Herodis
1485 648 1576 709 M.
1638 666 1841 731 nepo·

348 761 484 811 tem
545 745 659 810 illa
716 745 1489 831 decoratum-voluit·)·,
1547 770 1697 813 cum
1743 750 1845 814 illi

351 849 501 929 iam.
537 861 726 911 antea
784 848 1078 933 Caligula
1147 850 1511 935 imperante
1581 867 1891 918 senatus,

351 951 685 1023 Romanus
758 964 1137 1017 ornamenta
1208 953 1539 1039 praetoria
1618 953 1847 1019 decre-

349 1053 550 1116 visset
578 1048 665 1132 b).
1241 1110 1246 1115 .

374 1205 380 1210 .
484 1151 878 1245 Quaeritur,
920 1167 1138 1217 utrum
1183 1140 1288 1230 hi,
1334 1154 1447 1240 qui
1494 1156 1849 1222 consulari-

328 1256 475 1337 ¹bus
521 1256 919 1319 ornamentis
975 1258 1192 1321 donati
1239 1258 1467 1337 fuere,
1526 1279 1673 1323 cum
1736 1257 1849 1324 de-

351 1362 514 1425 inde
572 1358 879 1427 consules
923 1356 1417 1441 processerant,
1476 1363 1848 1426 consulatus

360 1482 704 1528 numerum
739 1459 1084 1525 auxerint?
1168 1463 1383 1543 Negat
1414 1462 1586 1525 istud
1613 1463 1686 1524 «in
1717 1462 1850 1527 Oc-

354 1566 613 1632 tariano
660 1562 789 1625 Dio
837 1561 919 1644 0).
1007 1564 1171 1625 Nam
1215 1565 1521 1644 cum·hic
1566 1566 1848 1647 primum

358 1677 739 1733 ornamenta
800 1664 1201 1742 consularia,
1274 1679 1343 1726 ut
1403 1669 1711 1731 continuo
1756 1667 1850 1728 di·

358 1773 609 1846 ximus,
656 1788 730 1831 ac
763 1766 983 1848 paullo
1018 1780 1164 1849 post
1192 1768 1596 1830 consulatum
1635 1770 1848 1854 ipsum

334 1870 772 1953 abstulisset,
816 1889 948 1930 non
984 1851 1198 1951 tamen
1242 1869 1415 1931 hunc
1446 1867 1849 1933 am’bitiosius

365 1970 723 2038 secundum
769 1970 1043 2033 vocavit.
1135 1972 1365 2033 Statim
1430 1992 1593 2036 vero
1654 1972 1848 2054 subji-

359 2075 448 2140 cit
490 2086 756 2150 auctor,
819 2072 993 2134 istud
1049 2072 1116 2132 in
1161 2073 1478 2138 similibus
1537 2073 1849 2159 deinceps

361 2174 664 2241 omnibus
727 2194 934 2258 usque
997 2173 1077 2237 ad
1133 2195 1249 2241 sua
1308 2190 1606 2263 tempora
1648 2176 1854 2241 fuisse

364 2276 815 2352 observatum,
874 2275 1155 2358 primum
1202 2292 1418 2345 autem
1461 2272 1691 2341 'fuisse
1739 2279 1856 2341 Se·

361 2379 784 2461 verum,‚qui
830 2398 1083 2442 morem
1133 2384 1424 2445 mutavit.
1509 2382 1671 2443 Nam
1705 2400 1854 2443 cum

362 2481 772 2544 Plautianum
802 2481 1219 2563 primum-his
1262 2484 1697 2561 ornamentis,
1744 2482 1856 2545 de-

363 2583 518 2645 inde
548 2584 692 2665 ipso
724 2585 1064 2645 consulatu
1103 2584 1440 2658 donasset,
1489 2607 1636 2648 eum
1673 2586 1858 2651 velut

366 2685 617 2747 iterum
643 2685 979 2746 consulem
1009 2687 1381 2750 renunciari
1414 2687 1722 2771 jussisse,-
1761 2689 1859 2750 id-

341 2806 493 2870 &que
513 2784 751 2848 deinde
787 2787 866 2850 ab
900 2788 1042 2852 aliis
1073 2807 1331 2873 quoque
1363 2791 1561 2854 fuisse
1593 2791 1855 2856 factum.

293 2888 618 2952 'Tamen
651 2891 1011 2951 Macrinum
1058 2890 1122 2950 in
1151 2912 1222 2953 se
1268 2912 1510 2957 novum
1550 2894 1723 2957 istud
1764 2896 1868 2958 ιιι-ί

368 2992 656 3052 stitutum
705 2991 1044 3059 observari
1088 2994 1422 3072 noluisse,
1464 2994 1746 3060 diximus
1788 2996 1856 3058 in

366 3091 504 3173 ejus
543 3093 781 3167 numis.
856 3112 887 3164 Q
924 3160 929 3164 ,

922 3295 927 3318 ’
1000 3235 1066 3370 ’5.
1109 3295 1222 3363 VI.
1290 3281 1299 3290 '

503 3496 716 3580 Supra
767 3499 820 3574 §.
873 3498 952 3557 11.
1013 3515 1233 3562 causas
1288 3494 1634 3562 nonnullas
1693 3496 1867 3575 dedi,

374 3619 539 3682 quae
576 3599 1037 3681 imperatores
1104 3599 1189 3660 ad
1258 3597 1868 3663 consulatum-‘sive

376 3699 899 3790 suscipiendum,
959 3698 1098 3762 sire
1158 3697 1702 3784 frequentandum
1758 3723 1869 3784 ge-

373 3804 661 3865 neratim
731 3801 1079 3885 impulere.
1183 3805 1272 3867 At
1337 3823 1511 3866 nunc
1582 3806 1867 3866 curatius

377 3904 875 3987 explicandum,
935 3925 1101 3989 quae
1152 3905 1398 3968 fuerint
1437 3924 1700 3980 causae,
1746 3924 1869 3967 cur

379 4028 608 4071 eorum
662 4007 881 4069 multis
937 4009 1293 4090 placuerit,
1360 4021 1544 4070 certo
1586 4006 1866 4091 quodam

379 4109 545 4171 anno
577 4111 914 4193 suscipere
943 4105 1373 4173 cons’ulatum.
1462 4111 1642 4173 Inter
1675 4131 1867 4194 regu-

381 4210 476 4273 las
513 4207 842 4296 hypaticas
895 4233 930 4274 a
982 4210 1187 4292 Pagio
1234 4211 1612 4277 constitutas
1657 4215 1869 4295 prima

382 4325 480 4374 est
502 4357 520 4389 ‚
563 4314 895 4398 principes
926 4315 1246 4397 proximis
1280 4324 1431 4399 post
1477 4315 1722 4379 aditum
1753 4317 1870 4378 im-

3295 473 3434 537 331
3557 463 3570 483 ⁸

1952 647 2213 732 perium
2250 642 2570 708 Kalendis
2613 645 2746 706 Ian.
2805 638 3174 724 procedere
3218 657 3449 704 consu·

1956 748 2057 810 les
2089 746 2531 812 consuevisse.
2580 746 2684 812 Vt
2719 764 2851 806 non
2882 763 3195 828 negamus
3218 787 3235 820 ,
3278 744 3452 806 hunc

1959 834 2217 913 morem
2252 850 2491 913 multos
2517 847 2950 931 imperatores
2993 867 3137 910 esse
3168 863 3453 925 secutos,

1957 967 2177 1017 tamen
2235 965 2490 1015 certum
2527 963 2688 1027 est,
2761 970 2903 1013 eam
2961 948 3263 1034 regulam·
3320 969 3458 1013 sse-

1958 1056 2105 1138 pius
2152 1053 2419 1118 fallere.
2503 1055 2565 1116 Is
2624 1073 2766 1116 mos
2810 1073 2847 1114 a
2894 1054 3161 1115 Nerone
3209 1068 3452 1119 tractus

1958 1155 2240 1222 videtur.
2329 1158 2527 1219 Certe
2561 1154 2719 1237 illi,
2782 1153 2894 1236 qui
2945 1154 3252 1238 proxime
3312 1157 3455 1219 suc·

1960 1277 2267 1334 cessere,
2361 1255 2604 1331 Galba,
2681 1258 3155 1338 Vespasianus,
3243 1257 3455 1345 Titus,

1957 1358 2405 1436 Domitianus,
2502 1360 2721 1420 Nerva
2783 1357 3070 1421 Neronis
3146 1361 3457 1445 exemplo

1961 1461 2281 1546 proximis
2326 1447 2644 1523 Kalendis
2703 1462 2836 1535 lan.
2882 1459 3288 1524 consulatum
3331 1463 3463 1523 ini-

1962 1584 2164 1629 vere..
2248 1559 2462 1655 Quod·
2507 1581 2655 1624 cum
2715 1560 3029 1645 Trajanus
3082 1561 3459 1627 faciendum

1963 1687 2092 1728 non
2115 1677 2424 1748 putasset,
2457 1662 2616 1725 dixit
2636 1663 2888 1724 Plinius
2922 1663 3021 1746 d)=
3068 1669 3259 1748 §nitio
3273 1673 3458 1747 prin-

1962 1772 2215 1847 cipatus
2250 1770 2651 1829 consulatum
2690 1770 3005 1828 recusasti
3018 1809 3037 1842 ,
3079 1787 3264 1850 quem
3305 1773 3461 1830 nous·

1965 1874 2383 1949 imperatores
2428 1873 2815 1931 destinatum
2839 1916 2840 1923 ι
2856 1872 3013 1930 aliis
3025 1916 3030 1923 .
3042 1871 3113 1929 in
3155 1881 3464 1933 sestam·

1930 1973 2278 2052 ,ferebam-
2349 1969 2509 2029 Ex
2491 1969 2648 2052 ipsis
2683 1988 2842 2051 ergo
2871 1968 2973 2031 his
3007 1969 3207 2031 Plinii
3238 1971 3458 2036 verbis

1944 2071 2093 2154 ¹jam
2156 2072 2310 2134 satis
2373 2070 2594 2133 elucet
2654 2070 2763 2132 hic
2822 2091 2967 2133 mos
3025 2073 3151 2154 jam
3193 2087 3331 2137 tum
3375 2073 3459 2138 ab

1966 2166 2471 2257 imperatoribus
2533 2171 2871 2235 observari
2936 2175 3199 2251 solitus,
3280 2179 3459 2261 quod

1969 2278 2165 2338 etiam
2227 2273 2567 2337 confirmat
2625 2274 3001 2355 Spartianus
3049 2276 3326 2361 loquens
3374 2278 3461 2344 de

1971 2379 2165 2441 Aelio
2227 2379 2507 2440 Caesare
2568 2399 2721 2440 moa:
2766 2383 2994 2441 consul
3033 2393 3321 2456 creatus,
3402 2395 3468 2447 ee
3565 2420 3570 2427 -

1971 2483 2128 2563 quia
2161 2492 2307 2542 erat
2334 2485 2674 2558 deputatus
2711 2483 2974 2558 imperio
2994 2525 3012 2557 ,
3058 2485 3286 2545 iterum
3315 2505 3465 2547 con·

1967 2584 2079 2642 sul
2104 2585 2478 2661 desiqnatus
2507 2592 2621 2643 est.
2706 2580 2863 2641 Post
2895 2581 3240 2663 Traianum
3272 2584 3465 2650 fuere

1969 2701 2101 2744 non
2158 2682 2380 2765 pauci,
2449 2681 2560 2764 qui
2603 2681 2682 2741 ab
2725 2701 2805 2744 eo
2857 2682 3253 2762 discessere,
3300 2707 3467 2771 quos

1972 2782 2246 2869 collegit
2291 2782 2720 2846 Mazzolenus
2753 2785 2851 2869 ι’),
2899 2799 2965 2849 et
3010 2787 3238 2852 videre
3273 2807 3467 2876 potes

1970 2885 2036 2946 in
2072 2884 2271 2947 fastis.
2358 2888 2602 2954 Dicere
2634 2908 2798 2971 ergo
2833 2911 3174 2971 possumus
3208 2896 3465 2958 morem

1971 2987 2189 3048 multis
2213 2987 2516 3070 placitum
2553 2991 3076 3074 imperatoribus,
3115 2994 3231 3057 sed
3251 2997 3467 3060 minus
3527 3061 3532 3068 ,

1974 3088 2296 3154 concinne
2342 3090 2661 3174 regulam.

2098 3190 2369 3251 Factum
2406 3193 2642 3261 etiam,
2686 3205 2760 3253 ut
2794 3179 3223 3275 imperatores
3256 3203 3472 3265 vario-

1973 3309 2121 3351 rum
2166 3292 2535 3353 solennium
2574 3312 2762 3355 causa
2811 3297 3217 3361 consulatum
3257 3322 3475 3384 sume-

1954 3404 2145 3486 rent.
2233 3392 2338 3453 De
2371 3395 2704 3478 Augusto
2707 3393 2953 3458 diserte
2986 3377 3339 3465 Suetonius
3387 3403 3465 3491 ί),

1982 3495 2251 3576 petiisse
2285 3513 2433 3555 eum
2466 3496 2869 3558 consulatum
2909 3497 3088 3563 x111.
3117 3514 3184 3562 et
3215 3518 3472 3586 postre-

1983 3615 2198 3670 mum,
2258 3608 2327 3658 ut
2375 3593 2600 3677 Cajum
2646 3610 2713 3658 et
2769 3598 3046 3660 Lucium
3095 3600 3269 3666 filios
3339 3629 3470 3670 am·

1982 3697 2277 3781 piissimo
2311 3697 2645 3779 praeditus
2682 3699 3070 3780 magistratu
3103 3725 3221 3768 suo
3249 3728 3474 3792 quem·

1982 3819 2110 3882 que
2145 3799 2469 3879 tyrocinio
2499 3799 2858 3865 deduceret
2891 3804 2973 3864 'in
3021 3803 3259 3871 forum.
3347 3814 3471 3875 Im·

1980 3916 2322 3992 peratores
2374 3900 2577 3962 infimi
2629 3904 2811 3985 aevi,
2873 3905 3102 3969 saltem
3148 3929 3302 3990 eos,
3359 3918 3472 4000 qui

1985 4003 2279 4066 Orientis
2328 4007 2632 4068 consules
2682 4006 2838 4070 dicti
2888 4009 3117 4087 fuere,
3171 4017 3260 4077 ait
3298 4020 3474 4085 The·

1918 4129 1927 4145 1
1982 4107 2271 4184 mistius,
2335 4107 2507 4169 istud
2544 4108 2684 4171 sibi
2737 4131 3000 4192 semper
3052 4109 3472 4184 devitandum

1984 4209 2425 4284 existimasse,
2468 4223 2626 4274 utne
2663 4212 3176 4298 quinquennali,
3209 4229 3319 4281 aut
3361 4222 3472 4286 de·

1982 4312 2241 4376 cennali
2276 4324 2577 4376 vertente
2602 4314 2932 4379 curriculo
2966 4338 3114 4379 eum
3136 4322 3510 4403 magistra·

380 4515 3468 4547 ————————————-———-——-————3——-——-

460 4660 525 4731 a)
561 4649 678 4715 nio
706 4655 774 4714 L.
807 4656 932 4716 Lx.
973 4660 1024 4729 ς.
1055 4648 1107 4718 s.

370 4765 506 4822 neg.
544 4766 594 4806 c.
632 4760 725 4813 57.
870 4746 934 4817 e)
972 4743 1018 4806 l.
1055 4763 1232 4822 saepe
1271 4765 1320 4805 c.
1359 4766 1424 4824 p.
1465 4759 1592 4812 131.

1252 4653 1324 4720 b)
1362 4654 1535 4714 Philo
1574 4655 1706 4717 adv.
1746 4657 1940 4715 Flacc.
1986 4676 2046 4732 p.
2075 4675 2151 4714 m.
2185 4666 2313 4722 523.

1734 4747 1785 4820 f)
1823 4755 1955 4824 cap.
1994 4749 2082 4809 26.

2476 4625 2534 4730 α’)
2575 4657 2638 4715 L.
2671 4657 2880 4723 XLVI.
2924 4666 2972 4736 §-
3009 4664 3104 4766 4⁶·
3227 4761 3232 4764 ι
3267 4669 3335 4745 d)
3375 4649 3482 4759 Ρ...

2856 4843 3069 4904 Tta
