4388 5576
968 4885 990 4895 s
1090 4798 1165 4878 d)
1203 4800 1267 4862 in
1307 4799 1825 4882 Chronographia.

1073 517 1173 604 ⁸6

1059 710 1272 786 juxto
1301 704 1484 766 ulfac
1514 701 1684 764 duae
1711 701 2029 781 supplicet
2049 701 2246 780 flexis
2273 702 2546 781 ,qem'bus
2557 722 2590 776 ‚-

1059 810 1233 870 laiac
1260 808 1500 887 fluvius
1517 804 1696 866 humi
1720 806 1942 864 sedens
1967 806 2029 864 d.
2048 822 2310 879 umam,
2356 822 2442 864 ex
2458 813 2589 886 qva

1081 907 1261 995 aqu'a
1278 909 1579 990 profluit,
1624 926 1675 966 s.
1715 907 2126 980 arundinem,
2174 907 2327 967 inde
2367 907 2587 979 turris,

1077 1016 1159 1074 ἐκ
1195 1015 1334 1093 s'pso
1357 1010 1621 1089 fiums'ue
1660 1009 1830 1068 duae
1863 1025 2063 1067 naves
2093 1026 2238 1066 cum
2270 1008 2585 1087 rems‘qaa·

1088 1116 1300 1189 libat,
1345 1116 1414 1174 fn
1454 1105 2140 1176 tm05DANVV1VS.
2224 1107 2585 1190 AE.P1·30.

1090 1212 1357 1296 grandis
1391 1209 1658 1277 moduli.
1705 1212 1910 1293 (Mus.
1946 1205 2170 1289 Caes.)

1216 1317 1320 1379 De
1363 1313 1466 1376 his
1506 1312 1752 1389 numia,
1798 1309 1947 1396 quia
1980 1309 2327 1372 historiam
2345 1312 2590 1393 juvant,

1089 1415 1377 1482 curatius
1423 1413 1768 1498 agendum.
1853 1410 2115 1475 Primus
2165 1433 2433 1475 numum
2483 1412 2589 1475 his

1091 1515 1378 1583 similem
1430 1531 1578 1581 ante
1628 1537 1829 1580 annos
1877 1513 2052 1577 bene
2093 1515 2374 1592 multos,
2420 1514 2591 1577 scili-

1089 1634 1199 1684 cet
1246 1599 1443 1705 1552),
1492 1615 1698 1681 edidit
1731 1618 2150 1683 Sebastianus
2190 1617 2474 1680 Erizzus
2508 1618 2589 1700 ⁸).

1057 1709 1070 1728 '³
1089 1724 1263 1786 Eum
1299 1721 1538 1785 reticet
1575 1721 1761 1786 Occo
1798 1721 1989 1785 inter·
2011 1738 2244 1782 numos
2280 1721 2592 1783 Constan-

1087 1823 1213 1886 tini
1255 1822 1485 1884 nostri.
1571 1821 1792 1885 Alium
1838 1820 1920 1884 ab
1954 1823 2313 1885 Erizziano
2363 1842 2591 1905 parum

1089 1913 1423 1991 diversum
1456 1922 1633 1988 inter
1668 1944 1904 1987 numos
1937 1945 2090 1988 suos
2113 1923 2383 1989 exhibet
2403 1922 2595 1987 Oise·

1086 2027 1216 2091 lius
1247 2026 1355 2109 b),
1413 2046 1606 2110 quem
1662 2026 1905 2091 deinde
1955 2027 2022 2087 in
2071 2029 2443 2110 catalogum
2495 2049 2599 2089 su-

1065 2152 1201 2202 ,um
1266 2128 1347 2193 ad
1407 2150 1648 2192 annum
1702 2130 1780 2191 P.
1822 2129 1907 2192 X.
1970 2129 2097 2194 328
2157 2129 2417 2213 recepit
2459 2131 2599 2194 Me-

1090 2231 1481 2307 diobarbus,
1563 2245 1670 2306 et,
1751 2229 2018 2307 nescio,
2096 2251 2227 2316 quo
2306 2243 2596 2309 auctore,

1093 2343 1360 2397 aureum
1402 2319 1826 2415 pronunciat,
1902 2354 2048 2397 cum
2099 2348 2322 2396 tamen
2373 2334 2600 2397 metal-

1090 2436 1230 2498 lum
1269 2446 1479 2498 taceat
1512 2433 1848 2500 Oiselius.·
1883 2435 2385 2500 Hediobarbum
2424 2436 2598 2499 haud

1094 2534 1296 2600 dubie
1355 2538 1638 2600 indicem
1703 2552 1964 2604 secutus
2025 2539 2366 2602 Baldinius
2420 2538 2599 2602 inter

1092 2659 1330 2703 aureos
1375 2638 1473 2700 illi
1533 2639 1753 2702 locum
1803 2639 2004 2703 dedit.
2088 2640 2461 2732 Bandurius
2527 2641 2597 2703 id

1092 2762 1304 2827 genus
1351 2760 1586 2804 numos
1631 2740 1773 2827 ipse
1822 2762 1957 2805 non
2005 2741 2205 2820 vidit,
2263 2766 2595 2831 unumque

1075 2859 1334 2917 ‚testem
1381 2842 1887 2908 mediobarbnm
1930 2847 2239 2932 appellat.
2343 2851 2594 2912 Eorum

957 3036 960 3041 .
1013 3008 1018 3015 ,
1075 2943 1511 3030 igitur-,fides
1545 2945 1754 3030 major
1793 2967 1926 3009 non
1982 2960 2117 3026 est,
2162 2970 2355 3034 quam
2401 2973 2598 3037 quan.

1089 3062 1223 3113 tam
1270 3059 1607 3130 praestare
1654 3050 1979 3131 possimus
2014 3062 2128 3113 aut
2162 3053 2444 3132 Erizzo,
2488 3067 2599 3118 aut

1085 3148 1390 3226 Oiselio,
1463 3163 1571 3212 aut
1619 3151 2072 3217 Mediobarbo.
2162 3154 2340 3217 Istud
2404 3156 2599 3220 adfir-

1091 3272 1275 3340 mare
1327 3272 1629 3336 possum,
1690 3277 1957 3318 numum
2000 3276 2084 3318 ex
2139 3257 2243 3321 his
2292 3259 2602 3337 alterum,

1088 3355 1289 3439 quem*
1333 3374 1416 3417 ex
1466 3375 1697 3419 museo
1745 3357 2069 3422 Caesareo
2117 3358 2439 3434 indicavi,
2500 3359 2600 3424 of-

1079 3456 1277 3531 ¹ferre
1338 3456 1578 3551 multa,
1643 3480 1809 3543 quae
1873 3475 2247 3545 suspectum
2278 3461 2596 3542 reddunt,

1083 3574 1198 3626 aut
1239 3561 1691 3649 pmiusfflane
1733 3562 2207 3641 condemnant,
2268 3566 2392 3629 etsi
2426 3586 2598 3631 mer-

1075 3683 1238 3737 ,cem
1273 3686 1357 3728 ex
1394 3667 1694 3728 Romano
1742 3666 2316 3731 carthusianorum
2364 3690 2595 3734 museo

1087 3767 1430 3831 advectam
1478 3767 1905 3851 probaverint
1961 3769 2106 3831 Itali
2172 3769 2314 3852 ejus
2366 3772 2595 3834 aetatis

961 3942 968 3945 v
1079 3868 1479 3953 «antiquarii,
1541 3882 1610 3931 et
1648 3866 1885 3944 video,
1942 3868 2393 3936 Froelichium
2435 3891 2592 3956 quo·

1090 3990 1223 4054 que
1274 3972 1341 4033 in
1386 3988 1468 4032 eo
1522 3968 1945 4054 adprobando
2012 3968 2217 4036 fuisse
2272 3972 2599 4037 difficilio-

1087 4093 1235 4137 rem
1288 4074 1368 4155 ο).
1455 4074 1689 4157 Neque
1736 4069 2067 4134 mitiorem
2109 4088 2404 4138 meretur
2446 4094 2598 4140 cen-

1090 4197 1309 4239 suram
1332 4174 1407 4251 is,
1456 4193 1650 4258 quem
1669 4172 1757 4237 'ex
1774 4173 2145 4238 Pellerinio
2170 4177 2327 4239 stiti.
2371 4178 2596 4267 Enim-

941 4307 952 4317 ·
1083 4296 1252 4343 vcro
1296 4276 1636 4341 literarum
1695 4277 1762 4337 in
1824 4296 1908 4339 eo
1957 4275 2206 4357 forma,
2287 4280 2343 4342 si
2394 4282 2595 4347 modo

1092 4381 1354 4468 pictura
1423 4378 1793 4464 archetypo,
1843 4382 2244 4463 respondet,
2307 4384 2595 4449 Neronis

1092 4498 1205 4550 aut
1260 4483 1414 4547 huic
1487 4481 2066 4548 vicinum-aevum
2128 4486 2328 4570 sapit,
2409 4500 2592 4552 certe

1162 4715 1224 4779 a)
1262 4709 1545 4770 Discorso
1583 4702 1763 4791 sopra
1799 4711 1866 4771 le*
1885 4710 2042 4771 med.
2079 4733 2139 4790 p.
2173 4716 2305 4780 567.

2103 501 3035 589 CONSTANTINVS
3103 498 3206 577 M.

2705 691 2846 774 ejus
2912 688 3178 766 aetatis,
3241 689 3308 751 iu
3367 710 3491 776 qua
3520 709 3797 768 sumus,
3870 711 3996 786 non
4054 713 4171 764 est.

2702 796 2853 857 Nou
2913 792 3226 858 auderem
3277 790 3619 857 'diversum
3681 794 3923 859 sentire
3964 819 3998 861 a
4037 801 4174 867 viro

2702 897 3021 962 maximae
3058 896 3126 958 iu
3179 880 3452 959 scicntia
3498 911 3721 960 nostra
3774 898 4177 984 auctoritatis,

2701 1002 2831 1064 nisi
2859 1000 3179 1067 fateretur
3224 997 3366 1083 ipse
3383 1045 3411 1082 ,β
3447 998 3591 1061 aliis
3623 1020 3884 1085 quoque
3926 1017 4173 1069 numum

2705 1124 2893 1167 suum
2944 1101 3154 1165 visum
3193 1099 3396 1163 fuisse
3451 1087 3857 1185 suspectum,
3918 1125 4176 1190 quorum

2703 1202 2945 1267 deiude
2980 1203 3222 1287 judicia
3252 1216 3322 1266 ut
3342 1204 3727 1281 refelleret,
3771 1227 4175 1292 nequaquam,

2703 1308 2881 1395 quod
2931 1306 3301 1370 faciendum
3337 1307 3644 1371 ·maxime
3698 1308 3943 1389 suerat,
4003 1332 4185 1394 argu·

2703 1411 2942 1475 mentis
2975 1432 3010 1473 a
3038 1408 3287 1474 fabrica
3303 1410 3528 1496 petitis
3558 1410 3906 1476 absolvere
3929 1434 4177 1477 numum

2706 1512 3056 1588 laboravit,
3127 1511 3245 1576 sed
3312 1511 3596 1596 probare
3653 1535 4000 1598 aggressus
4063 1531 4177 1597 est,

2709 1616 3197 1681 Constantinum
3234 1615 3512 1700 perinde
3561 1632 3758 1702 atque
3794 1618 3947 1681 olim
3980 1622 4187 1705 Traja-

2706 1739 2863 1780 num
2891 1717 3221 1801 lapideum
3254 1720 3322 1780 in
3354 1719 3521 1782 Istro
3542 1733 3813 1801 pontem
3845 1720 4056 1788 facere
4073 1748 4185 1806 po·

2686 1824 2943 1897 wetino,
2990 1819 3166 1906 quod
3194 1838 3390 1882 nemo
3423 1822 3791 1905 negaverit.

2837 1923 3174 2006 suspectis
3215 1924 3419 2008 igitur
3456 1925 3692 1987 horum
3733 1944 4069 1989 numerum
4100 1940 4189 1990 te·

2711 2023 3032 2087 stimoniis
3071 2026 3359 2088 nondum
3408 2025 3724 2090 adsentiri
3774 2030 4061 2114 cogimur
4086 2050 4187 2093 au·

2710 2126 2996 2190 ctoritati
3070 2128 3385 2193 Chronici
3467 2128 3938 2208 Alexandrini,
4024 2130 4180 2215 quod

2712 2228 2789 2292 ad
2827 2251 3064 2292 annum
3109 2231 3186 2296 P.
3220 2234 3303 2299 X.
3356 2231 3790 2309 herefert,
3850 2233 4189 2297 Constanti·

2711 2352 2865 2393 num
2917 2336 3149 2396 iterum
3190 2357 3273 2398 ac
3304 2338 3566 2422 saepius
3591 2336 3962 2397 Danubium
3999 2346 4195 2398 trans·

2708 2454 2995 2515 gressum
3016 2479 3033 2512 ,
3094 2447 3161 2498 et
3191 2425 3453 2516 pontem
3498 2441 3569 2500 in
3617 2458 3695 2499 eo
3755 2438 4194 2502 LAPIDEVM

2703 2538 2947 2619 fecisse
2991 2537 3286 2622 (eyepvem
3323 2538 3632 2620 msam),
3693 2551 3806 2601 aut
3861 2536 4182 2623 Theopha-

2711 2638 2813 2699 nis
2871 2636 3049 2701 idem
3110 2639 3429 2715 narrantis
3475 2638 3581 2722 d),
3660 2654 3735 2703 et
3793 2640 3942 2704 satis
3982 2640 4189 2723 inepte

2660 2755 2668 2760 ’
2711 2738 2951 2804 factum
3002 2741 3174 2813 istud
3217 2741 3342 2826 jam
3393 2763 3564 2807 anno
3606 2742 3986 2828 imperantis
4035 2742 4184 2807 Con-

2712 2844 2991 2924 stantini}
3033 2846 3279 2922 xxn„
3338 2844 3467 2927 jam
3530 2847 3775 2913 XXIV.
3844 2843 4189 2929 adfigentis.

2712 2946 2942 3010 Pontis
3019 2947 3263 3031 lapidei
3337 2947 3653 3025 molimen
3746 2949 3812 3010 in
3887 2946 4185 3023 Danubio,

2714 3060 2986 3132 quantus
3014 3048 3079 3109 in
3100 3050 3348 3113 Moesia
3375 3048 3552 3129 ssuit,
3598 3046 3810 3136 majus
3841 3064 3937 3114 est
3956 3095 3973 3127 ,
4015 3069 4183 3135 quam

2712 3166 2786 3217 ut
2811 3151 3119 3215 sulficere
3152 3152 3232 3217 ad
3277 3152 3476 3216 fldem
3511 3154 4026 3240 extorquendam
4055 3172 4186 3237 pos·

2713 3255 2799 3318 sit
2842 3254 3214 3319 Chronicon
3265 3269 3364 3319 tot
3415 3258 3607 3340 nugis
3674 3258 4045 3341 naeniisque
4092 3271 4185 3315 re·

2709 3358 2978 3422 fertum.
3062 3355 3149 3418 Et
3177 3377 3340 3422 vero
3376 3358 3431 3421 si
3464 3360 3520 3422 is
3550 3378 3760 3443 opere
3783 3353 4193 3424 caementicio

2711 3463 2872 3540 fuit,
2917 3479 3190 3523 necesse
3212 3474 3409 3537 esset,
3453 3460 3595 3545 ejus
3630 3462 3962 3549 hodieque
3992 3460 4187 3541 aliqua

2714 3580 2973 3629 exstare
3010 3565 3322 3646 vestigia,
3381 3577 3455 3627 ut
3490 3580 3750 3631 exstant
3789 3560 4003 3652 pontis
4042 3563 4184 3623 Tra·

2710 3667 2842 3750 jani
2899 3665 3155 3728 duobus
3233 3665 3380 3729 fere
3456 3670 3742 3734 saeculis
3816 3662 4185 3737 vetustioris,

2711 3790 2887 3857 quaev
2927 3782 3144 3832 tamen
3193 3768 3406 3833 adhuc
3447 3790 3587 3855 per.
3627 3783 3892 3839 omnem
3932 3768 4062 3852 ejus
4089 3760 4184 3859 'al-

2708 3894 2905 3937 veum
2956 3886 3293 3958 comperta
3338 3892 3471 3935 non
3529 3889 3702 3943 sunt.
3813 3870 3981 3938 Novi
4022 3864 4187 3951 equi·

2711 3975 2897 4054 dem,
2984 3975 3476 4040 Constantinum
3566 3974 3634 4037 in
3715 3975 3964 4039 Rheno.
4030 3964 4185 4055 apud

2711 4078 3143 4166 Agrippinam
3207 4091 3478 4162 pontem
3536 4077 3871 4165 lapideum
3915 4094 4075 4141 anno
4113 4070 4190 4133 Ρ..

2707 4184 2790 4246 X.
2827 4186 2952 4249 3ιο
3002 4179 3341 4257 molitum,
3410 4179 3497 4242 de
3544 4180 3729 4264 cujus
3780 4181 4043 4244 veritate
4082 4172 4191 4236 du·-

2707 4284 2904 4349 bitari
2940 4285 3221 4369 nequit,
3250 4304 3398 4347 cum
3440 4283 3618 4360 istud
3663 4283 3924 4349 adserat
3964 4281 4193 4353 Eume*

2706 4389 2854 4450 nius
2924 4389 2989 4449 in
3066 4387 3508 4474 panegyrico,
3574 4408 3798 4474 0quem
3875 4376 4183 4470 praesenti

2669 4490 3133 4590 vConstantino
3186 4492 3441 4556 dixerat
3482 4494 3565 4578 ι’).
3644 4493 3731 4579 At
3780 4509 3908 4575 quo
3954 4498 4189 4566 tempo·

2452 4716 2522 4787 b)
2562 4717 2713 4777 Tab.
2748 4729 2839 4784 24.

1980 4806 2040 4880 e)
2079 4805 2362 4889 Panegyr.
2405 4805 2536 4872 vn.
2578 4828 2708 4887 esp.
2748 4820 2835 4877 13.

2988 4725 3049 4798 Β)
3083 4722 3289 4795 cimel·
3330 4723 3596 4790 vindob.
3624 4724 3797 4783 Parte
3825 4722 3895 4782 11.
3922 4738 3983 4797 p.
4008 4706 4186 4773 XXV.
