4388 5576
868 1005 871 1008 ,
990 959 1182 1008 suam:
1218 956 1426 1007 aram,
1473 931 1800 1013 duplicem
1840 949 2117 1010 nempe,

975 455 1124 543 406

986 632 1300 719 experiri.
1389 619 1579 718 Quin'
1610 637 1677 687 et
1707 621 1882 705 ipse,
1927 637 2076 681 cum
2121 637 2190 678 se
2238 640 2274 679 a
2318 637 2483 680 non-

985 736 1226 810 nullis,
1292 751 1456 815 quae
1499 730 1603 789 hic
1646 723 1873 795 citavi,
1921 719 2352 784 marmoribus
2397 720 2481 782 ad

987 840 1220 901 incitas
1294 832 1627 898 redactum
1703 826 1989 898 videret,
2069 822 2147 887 ad
2222 822 2478 884 solitam

992 1045 1205 1106 ximus
1232 1083 1271 1111 „
1313 1035 1699 1099 numerandi
1765 1030 2027 1092 modum
2076 1028 2369 1109 confugit
2402 1027 2482 1105 ⁸),

956 1137 1551 1226 'quod-*effugium
1613 1138 1682 1197 in
1760 1131 2120 1213 desperatis
2187 1128 2487 1194 omnibus

1002 1243 1213 1307 causis
1251 1260 1515 1325 semper
1561 1235 1684 1300 sibi
1728 1235 2124 1316 repositum,
2170 1246 2368 1315 saepe
2402 1229 2492 1297 vi-.

1002 1346 1320 1411 flebimus.
2052 1355 2057 1358 ·

1482 1505 2057 1610 meamne.-

1135 1755 1438 1817 Diximus
1469 1751 1533 1810 in
1564 1745 1819 1810 Tiberii
1852 1738 2219 1816 annalibus,
2266 1738 2497 1821 eiprq-

1011 1870 1278 1923 curante
1324 1856 1616 1936 Augusto
1662 1849 1812 1910 trib.
1858 1860 2245 1930 potestatem
2292 1843 2374 1911 V.
2424 1840 2497 1902 C.

1008 1961 1140 2043 748
1210 1960 1277 2020 in
1337 1952 1847 2040 quinquennium
1908 1948 2225 2018 delatam,
2303 1957 2502 2023 atque

1011 2062 1139 2125 hoc
1186 2061 1411 2140 elapso
1473 2057 1553 2118 sd
1616 2055 1925 2137 privatam
1974 2068 2233 2109 rursum
2280 2041 2503 2108 condi

1010 2163 1256 2225 tionem
1289 2161 1664 2232 redactum,
1707 2149 1982 2216 subinde
2035 2148 2312 2210 mortuis
2345 2144 2507 2225 Cajo

936 2333 953 2348 ‚
1013 2280 1087 2336 et
1122 2265 1329 2325 Lucio
1375 2262 1706 2345 Agrippae
1742 2256 1892 2316 filiis
1923 2273 2063 2314 eam
2100 2250 2206 2310 illi
2243 2249 2503 2321 iterum,

1015 2380 1083 2430 et
1126 2365 1391 2447 quidem
1455 2363 1559 2423 die
1607 2359 1872 2424 XXVII.
1919 2355 2086 2415 Iunii
2133 2353 2213 2417 V.
2259 2349 2330 2412 C.
2376 2350 2501 2430 757

1015 2486 1432 2539 concessam,
1498 2481 1769 2544 eamque
1833 2458 1919 2521 ad
1992 2457 2241 2518 obitum
2297 2471 2503 2534 usque

820 2657 823 2664 .
901 2579 905 2583 ’
1016 2568 1474 2644 continuatam.
1580 2561 1812 2644 Coepit
1889 2580 2055 2642 ergo
2143 2557 2282 2638 ejus
2354 2552 2512 2655 “1⁵¹'‘

1014 2671 1506 2758 potestas‘Vl„
1578 2664 1885 2727 nimirum
1934 2660 2172 2749 aemuia
2229 2657 2512 2717 tribuna-

1019 2774 1189 2839 tibus
1268 2772 1591 2858 quinque,
1684 2787 1848 2850 quos
1921 2778 2111 2826 antea
2190 2759 2507 2832 obiverat,

1020 2878 1197 2939 dicto
1262 2876 1371 2935 die
1436 2870 1705 2961 XXVII.
1754 2866 1949 2942 lunii,
2018 2881 2298 2945 cumque
2345 2882 2520 2923 mor-z

1022 2998 1169 3042 tuus
1209 2978 1293 3040 sit
1326 2976 1548 3036 mense
1590 2969 1827 3034 Martio
1864 2970 1947 3038 V.
1985 2969 2057 3030 C.
2090 2984 2253 3046 790,
2299 2963 2350 3024 si
2385 2963 2513 3024 hoc

934 3120 937 3123 ·
962 3076 979 3083 ⁶
1024 3084 1129 3143 die
1159 3079 1432 3163 singulis
1462 3073 1643 3139 annis
1663 3072 2054 3133 tribunatum
2086 3065 2368 3140 iteravit,
2405 3086 2519 3127 ne·

1023 3206 1207 3249 cesse
1229 3197 1348 3252 est,
1392 3191 1797 3264 postremum
1829 3172 1893 3234 ei
1917 3172 2117 3251 fuisse
2138 3161 2517 3240 XXXVIII„

1029 3308 1223 3373 quem
1300 3283 1494 3346 etiam
1574 3277 1914 3349 adstruunt
1987 3272 2169 3332 numi
2243 3269 2519 3351 copiosi,

1024 3409 1242 3474 neque
1282 3384 1724 3472 posteriorem
1767 3381 1987 3443 alium.
2059 3365 2518 3447 munimenta,

1026 3511 1191 3575 quae
1257 3474 1535 3561 docent,
1606 3482 1949 3546 Tiberium
2010 3495 2272 3561 quoque
2351 3468 2523 3535 intre

1028 3616 1265 3657 annum
1311 3605 1666 3673 renovasse
1715 3583 1865 3645 trib.
1900 3590 2328 3664 potestatem,
2371 3586 2525 3638 sunt

1029 3696 1405 3784 sequentia.
2277 3734 2288 3747 .

1157 3803 1227 3859 In
1260 3796 1441 3858 fastis
1460 3787 1838 3873 Capitolinis
1875 3782 2044 3870 apud
2064 3784 2420 3845 Gruterum
2452 3776 2528 3864 ι>)

1028 3897 1350 3963 Kalendis
1395 3897 1527 3973 lan.
1575 3892 1657 3958 V.
1704 3889 1775 3950 C.
1820 3887 1939 3969 761
2016 3886 2259 3948 dicitur
2303 3886 2527 3965 Augu-

1031 4016 1169 4063 stus
1215 3999 1352 4060 ΤΒ.
1396 3996 1474 4058 P.
1518 3993 1767 4071 XXX.,
1814 3987 2123 4049 Tiberius
2168 3990 2314 4062 ΙΧ..
2371 3983 2544 4048 Kal.

1030 4083 1163 4166 ian.
1202 4103 1284 4169 V.
1329 4100 1398 4162 C.
1434 4096 1561 4176 762
1605 4097 1934 4173 Augustus
1978 4091 2117 4151 ΤΒ.
2151 4089 2230 4152 Ρ.
2263 4031 2526 4164 XXXI„

1031 4204 1337 4271 Tiberius
1388 4199 1509 4271 X.‚
1568 4197 1718 4258 Kal.
1766 4198 1903 4258 lan.
1947 4193 2029 4269 V.
2078 4192 2155 4253 C.
2206 4187 2332 4270 763
2394 4190 2543 4253 Au·

1033 4322 1257 4393 gustus
1321 4288 1962 4366 TR.P.XXX.11.,
2022 4292 2332 4356 Tiberius
2374 4291 2542 4367 xl„

1028 4413 1176 4477 Kal.
1225 4413 1390 4472 Ian.
1417 4406 1496 4471 V.
1543 4404 1615 4466 C.
1673 4399 1802 4481 766
1861 4399 2190 4479 Augustus
2254 4396 2394 4457 ΤΒ.
2439 4394 2518 4458 Ρ.

1034 4512 1339 4587 XXXV.
1402 4507 1709 4569 Tiberius
1771 4504 1943 4571 XIV.
2031 4500 2199 4560 Item
2257 4497 2323 4558 in
2386 4495 2521 4581 epi-

2162 945 2356 1008 quem
2390 924 2504 984 dia

2238 414 2626 526 CAPVT
2710 429 2805 506 X.

2594 625 2954 701 grammate
2990 614 3207 696 pontis
3242 607 3676 703 Ariminensis
3716 614 3882 695 apud
3916 613 4086 676 Gru·

2596 723 2807 781 terum
2843 720 2900 800 c)
2951 717 3189 781 dicitur
3237 716 3544 777 Tiberius
3584 719 3723 782 ΤΒ.
3774 717 3848 777 Ρ.
3876 719 4099 780 ΧΧΠε-

2598 821 2787 885 coe.
2825 821 2963 881 1111.
3051 821 3179 880 lam
3219 840 3377 881 vero
3412 820 3464 879 si
3501 818 3845 904 asperius,
3890 796 4095 902 q‘uem.

2598 936 2848 986 constat
2894 925 2974 987 V.
3011 922 3080 982 C.
3131 923 3256 1002 757
3296 921 3402 981 die
3443 920 3709 984 XXVII.
3752 921 3916 980 lunii
3971 921 4087 981 ini-

2601 1027 2770 1088 wisse
2817 1024 3213 1086 tribunatum
3260 1026 3408 1097 V1.‚
3470 1043 3639 1084 eum
3663 1021 3967 1083 iterasset
4007 1021 4090 1082 X.

2599 1126 3028 1199 Decembris,
3092 1138 3202 1187 aut
3252 1125 3566 1207 ploximis
3610 1124 3759 1185 Kal.
3782 1125 3935 1183 Ian.
3960 1167 3978 1198 ,
4023 1124 4092 1182 in

2606 1229 2905 1292 omnibus
2967 1229 3068 1289 his
3130 1227 3503 1288 memoratis
3568 1225 3785 1304 ejust
3758 1203 4095 1288 tribunati·

2606 1332 2730 1393 bus
2773 1329 3070 1394 addenda
3112 1329 3345 1391 fuisset
3401 1328 3640 1403 unitas,
3702 1341 3778 1387 et
3814 1347 3938 1411 pro
3981 1329 4088 1388 lx.

2610 1433 3028 1496 scribendum
3067 1434 3147 1493 X.
3169 1477 3185 1506 ‚
3232 1444 3298 1493 et
3326 1430 3420 1491 sic
3455 1430 3520 1490 in
3553 1419 3828 1512 reliquis
3850 1474 3869 1504 ,
3915 1441 3983 1491 et
4013 1448 4096 1491 ex

2610 1538 2732 1599 bac
2761 1537 2914 1618 lege
2948 1547 3319 1617 postremus
3370 1533 3507 1613 ejus
3553 1532 3914 1593 tribunatus
3945 1530 4104 1594 fuis-³

2597 1652 2715 1702 eet
2744 1637 3041 1699 XXXIX.
3062 1682 3079 1712 ‚
3143 1637 3254 1719 qui
3289 1649 3508 1700 tamen
3566 1655 3882 1718 nusquam
3925 1656 4100 1700 com·

2612 1755 2819 1824 paret.
2907 1741 3010 1799 Ex
3046 1759 3175 1820 quo
3206 1738 3533 1822 sequitur,
3580 1736 3943 1801 tribunatus
3993 1739 4102 1802 'ri-

2613 1843 2781 1906 berii
2808 1842 2977 1903 intra
3016 1862 3249 1901 annum
3290 1837 3489 1901 fuisse
3530 1823 3884 1921 repetitos,
3931 1854 3997 1903 et
4027 1854 4103 1904 ut

2615 1945 2898 2009 dubitari
2934 1944 3038 2007 vix
3068 1954 3322 2026 potest,
3365 1963 3408 2003 ιι
3437 1941 3540 2003 die
3577 1942 3796 2005 collati
3818 1942 4102 2007 tribuna·

2616 2064 2718 2112 tus
2752 2049 2866 2114 Vt.
3253 2091 3304 2127 4,,
3346 2072 3350 2076 ’
4012 2095 4020 2102 .

2742 2146 2981 2224 Numi,
3054 2144 3287 2229 quibos
3347 2146 3620 2214 ducibus
3679 2148 4121 2210 Mazzolenus·

2620 2252 2875 2315 Tiberii
2934 2247 3341 2312 tribunatum
3409 2247 3516 2309 die
3578 2249 3657 2309 X.
3714 2249 4120 2318 Decembris

2576 2356 2925 2426 ‘iteratum
2971 2339 3354 2425 contendit,
3407 2372 3494 2413 ex
3547 2349 3815 2414 Goltzio
3861 2366 3929 2414 et
3973 2357 4120 2415 Me·

2621 2454 2937 2518 diobarbo
2981 2453 3152 2534 capti
3213 2466 3395 2527 sunt,
3461 2473 3662 2535 ques,
3735 2454 3913 2537 quod
3954 2454 4113 2518 alibi
4207 2474 4211 2477 ⁴

2624 2567 2938 2642 nusquam
2984 2555 3198 2617 editos
3252 2554 3551 2629 invenio,
3611 2575 3693 2615 ex
3739 2575 3889 2619 meo
3933 2557 4113 2621 insti-

2624 2675 2765 2724 tuto
2821 2679 2956 2719 ιιοιι
3018 2654 3230 2717 audio.
3319 2655 3405 2718 At
3461 2677 3545 2718 ex
3618 2656 3850 2721 eadem
3920 2678 4117 2722 cause

2625 2781 2843 2846 neque
2889 2777 3017 2842 ego
3054 2759 3450 2820 Mazeoleno
3493 2737 3764 2834 numos,
3831 2774 3898 2823 et
3951 2775 4121 2825 mar-

2626 2884 2811 2927 mora
2859 2882 3222 2946 opponam,
3281 2881 3446 2945 quae
3494 2883 3530 2923 a
3574 2861 4006 2926 Mediobarbo
4053 2878 4122 2926 et

2627 2964 2994 3029 Muratorio
3023 2961 3341 3045 producta
3377 2963 3519 3044 ejus
3561 2984 3792 3026 causae
3824 2968 4126 3041 sunt,ini-

2632 3069 2839 3146 mica,
2897 3080 2964 3128 et
3007 3066 3228 3126 favent
3271 3083 3489 3136 meae3
3536 3086 3684 3128 nam
3725 3068 3902 3151 quod
3939 3068 4133 3130 insti--

2631 3188 2922 3245 meram,
2965 3186 3096 3228 ιιοιι
3117 3166 3271 3230 volo
3293 3186 3545 3228 causam
3568 3190 3773 3231 meam
3807 3171 4010 3247 tueri,
4056 3183 4126 3233 et

2633 3275 3018 3365 impugnare
3061 3288 3314 3331 causam
3367 3267 3762 3347 adversarii,
3819 3271 3944 3334 nisi
3988 3291 4124 3333 mo·

2632 3374 2961 3439 numentis
3018 3371 3254 3446 certis,
3314 3384 3383 3432 et
3416 3371 3499 3434 de
3532 3393 3809 3457 quorum
3854 3373 4129 3457 integri-

2634 3489 2779 3541 tete.
2801 3471 3083 3536 dubitari
3122 3472 3369 3559 nequit.

2723 3683 2980 3746 cALm
2991 3682 3198 3757 VLA,
3246 3652 3723 3758 charone,
3772 3682 4031 3746 Νειιο.

2761 3888 3037 3948 Possum
3080 3883 3151 3944 in
3198 3881 3298 3943 his
3361 3881 3586 3946 tribus‘
3613 3902 3871 3947 causam
3915 3902 4148 3949 meam’

2577 3988 2797 4052 solis
2829 3987 3077 4062 nomio,
3120 3983 3298 4070 quod
3343 4003 3497 4047 sane
3545 3985 3828 4049 maxime
3877 3989 4138 4052 consul·

2640 4104 2779 4154 tum
2798 4135 2822 4169 ,-
2860 4090 3068 4175 iisque
3113 4087 3323 4149 obviis
3369 4092 3813 4171 propugnare.
3901 4092 3974 4153 In
4008 4089 4140 4154 siu-

2642 4194 2812 4276 gulis
2845 4193 3067 4281 videas
3112 4188 3230 4251 sub
3275 4190 3510 4253 eodem
3560 4190 3901 4255 consulatu
3945 4193 4138 4255 binos

2636 4294 2855 4358 varios
2941 4291 3296 4354 memorari
3386 4292 3771 4356 tribunatus.
3877 4294 3991 4358 Sic
4068 4295 4138 4355 in

2636 4396 2853 4467 mamis
2895 4395 3229 4478 Caligulae
3289 4396 3439 4455 anni
3487 4399 3565 4463 V.
3604 4396 3677 4459 C.
3724 4395 3850 4479 793
3913 4396 4135 4479 legas:

2636 4497 2825 4563 COS.
2875 4496 2984 4560 111.
3048 4501 3195 4565 ΤΒ.
3258 4496 3462 4562 ΡΟΤ.
3505 4500 3615 4560 111.
3672 4512 3742 4560 et
3784 4494 4182 4564 COSwlII.x

1103 4728 1163 4797 a]
1208 4726 1348 4802 Pag.
1390 4728 1517 4781 104.
1663 4717 1731 4779 b)
1773 4696 1908 4790 Pag-
1951 4678 2075 4787 '295-

2158 4674 2165 4683 ι
2228 4716 2285 4781 c)
2327 4710 2464 4787 Pag.
2510 4711 2628 4771 160.
