4388 5576
242 3660 255 3665 ὦ
366 3584 499 3646 Ian.
560 3578 926 3646 ducendum
990 3581 1158 3658 erit,
1245 3581 1337 3645 sic

1028 436 1181 513 DE
1265 431 1994 508 TRIBVNITIA
2069 427 2824 512 POTESTATE'.
2937 420 2948 429 ⁸

350 625 579 722 sugeri
610 625 740 690 sint
773 621 987 698 soliti,
1029 620 1156 684 hoc
1199 618 1363 684 illud
1411 631 1547 691 est,
1594 616 1677 679 de
1704 635 1834 700 quo

347 729 721 813 quaeritur,
780 740 851 790 et
888 724 1083 812 quod
1134 719 1483 808 peregrini
1540 718 1612 781 hi
1653 715 1834 780 numi

349 853 482 894 non
527 832 789 894 docent.

440 1071 1097 1143 VESPASIANV&
1146 1066 1410 1142 TITVS
1420 1109 1441 1144 ,
1484 1067 1740 1131 Bou!-

923 1172 1278 1236 PIANVS.

476 1339 839 1403 Docuimus
882 1336 950 1397 in
991 1336 1395 1419 Vespasiano
1458 1358 1541 1402 ex
1588 1323 1844 1415 Tacito,

355 1457 426 1508 et
467 1431 823 1517 Suetonio,
884 1438 965 1502 ab
1028 1460 1111 1502 eo
1156 1437 1488 1503 Kalendas
1534 1437 1651 1501 Iul.
1693 1440 1845 1501 anni

354 1545 433 1612 V.
475 1544 548 1605 C.
591 1543 719 1604 822
758 1555 1060 1632 tanquam
1111 1540 1375 1626 imperii
1425 1543 1704 1624 primum
1754 1542 1848 1602 di·

355 1665 458 1707 em
504 1639 1014 1727 sempersuisse
1070 1642 1469 1719 celebratas,
1534 1645 1683 1729 quia
1721 1645 1846 1707 hoc

353 1744 461 1809 die
502 1748 834 1810 exercitus
875 1744 1354 1808 Alexandrinus
1406 1746 1469 1808 ei
1500 1746 1846 1829 imperium

353 1848 609 1912 detulit.
699 1852 782 1912 At
815 1850 1172 1930 verisimile
1195 1895 1212 1924 ‚
1248 1849 1715 1931 Vespasianum
1754 1848 1852 1909 iu·

355 1967 538 2015 terea
576 1955 1017 2032 Imperatoris,
1067 1955 1383 2026 Caesaris,
1428 1954 1710 2033 Auyusti
1744 1969 1862 2035 aps

358 2041 820 2140 pellationibus
883 2066 1259 2114 contentum
1329 2073 1459 2114 non
1525 2050 1849 2115 involasse

360 2168 586 2237 suapte
632 2154 696 2213 in
746 2154 890 2216 trib.
939 2167 1325 2239 potestatem
1389 2175 1423 2215 a
1470 2164 1698 2214 senatu
1741 2153 1851 2214 de·

357 2256 545 2321 cerni
589 2246 885 2334 solitam‚·
942 2257 1059 2319 sed
1125 2277 1326 2341 quae,
1391 2254 1605 2339 quo'ad
1644 2256 1853 2324 Vitel-

357 2358 487 2421 lius
531 2372 862 2441 superstes
905 2358 1067 2439 fuit,
1114 2360 1387 2421 decerni
1428 2375 1557 2419 'uon
1603 2359 1850 2442 potuit3

360 2481 488 2547 quo
534 2460 706 2525 circa
764 2461 933 2522 diem
983 2457 1126 2523 XX.
1181 2461 1573 2524 Decembris
1634 2479 1851 2537 caeso,

359 2559 707 2636 continuo,
764 2575 854 2635 ‚ut
915 2571 1187 2656 testatur
1249 2563 1512 2626 'l'aoitus
1557 2566 1653 2647 ⁸),
1732 2568 1853 2628 Ro·

355 2686 502 2730 mae
533 2675 796 2728 senatus
829 2676 1058 2750 cuncta
1080 2649 1484 2745 prisipribus
1516 2670 1713 2730 solita
1737 2670 1855 2729 Ve-

358 2770 665 2850 spasiano
700 2771 1022 2844 decernit,
1068 2786 1233 2849 quae
1267 2769 1441 2831 iuter
1468 2767 1670 2830 fuisse
1704 2767 1851 2831 trib.

354 2883 783 2955 potestatem,
846 2868 1130 2932 dubitari
1205 2872 1452 2955 nequit.
1556 2870 1732 2932 Istud
1798 2868 1854 2931 si

360 2994 627 3050 verum,
710 2983 782 3033 ut
841 2991 995 3033 saue
1073 2972 1260 3035 valde
1326 2987 1428 3037 est
1486 2972 1854 3058 probabile,

360 3076 508 3164 quia
554 3074 699 3136 fere
764 3072 845 3134 ad
906 3074 1074 3156 ipsas
1116 3077 1448 3137 Kalendas
1506 3079 1635 3139 lan.
1682 3062 1887 3138 ᾶεὶειὲ

361 3187 495 3236 tum
543 3172 667 3237 fuit
721 3174 1107 3256 imperium,
1168 3164 1298 3236 non
1355 3190 1628 3262 possunt
1669 3175 1859 3251 varii,

366 3276 449 3338 de
487 3275 724 3359 quibus
759 3275 1038 3356 agimus,
1104 3274 1464 3338 tribunatus
1509 3294 1857 3340 numeran-

366 3378 433 3439 di
476 3375 653 3438 modi
718 3375 1106 3457 divergere,
1172 3375 1287 3437 sed
1344 3391 1427 3439 -et
1472 3377 1536 3438 in
1581 3377 1884 3461 singulis.

368 3480 508 3562 ejus
570 3480 787 3567 iterati
848 3477 1099 3539 initium
1157 3477 1301 3549 fere
1359 3479 1438 3541 ab
1496 3478 1654 3562 ipsis
1706 3480 1857 3542 Kal.

1409 3595 1476 3643 ut
1516 3566 1860 3645 ·Kalendis

366 3686 501 3748 lan.
549 3681 627 3749 V.
675 3685 749 3748 C.
809 3683 934 3746 823
990 3680 1373 3764 adfigendus
1429 3683 1514 3744 sit
1575 3684 1862 3747 tribuna-

346 3800 472 3865 tus
502 3769 623 3855 -1.‚'
670 3797 736 3849 et
774 3783 1095 3847 Kalendis
1146 3784 1277 3847 lan.

368 3889 644 3955 buuatus
678 3888 797 3962 X..
867 3888 977 3970 qui
1028 3886 1411 3951 docentibus
1463 3888 1675 3952 nurnis
1723 3889 1862 3971 ejus

360 3986 493 4056 -t'ui’t
554 4003 967 4074 postremus,
1034 4010 1180 4052 nam
1246 3989 1485 4076 eodem
1555 4011 1722 4053 anno
1796 4005 1865 4057 et

371 4094 700 4157 tribunatu
741 4092 1004 4155 labente
1043 4106 1337 4157 mortuus
1373 4106 1474 4156 est
1506 4113 1730 4157 mense
1762 4095 1865 4157 lu·

372 4194 502 4256 nio.
586 4193 875 4267 Dubium
949 4195 1124 4258 istud
1198 4197 1378 4283 numi
1459 4217 1589 4258 non
1668 4216 1862 4280 expe-

364 4294 593 4381 diunt,
646 4296 763 4381 qui
800 4317 1076 4388 perraro
1105 4297 1472 4363 tribunatus
1513 4320 1860 4379 numerum

374 4393 650 4472 addunt,
696 4397 973 4489 etquod,
1010 4399 1645 4493 bucusquenorim,
1701 4422 1864 4471 nen-

1326 3788 1405 3853 V.
1444 3788 1518 3850 C.
1563 3786 1687 3849 832
1747 3784 1894 3878 ιτὶε

3292 458 3450 541 ²⁵09

1954 614 2080 676 uisi
2112 616 2255 676 1111.
2296 629 2365 680 et
2406 614 2489 679 X.
2575 619 2661 679 At
2712 615 3104 699 expedietur
3157 619 3448 698 dubium,

1956 717 2014 778 si
2056 715 2233 779 forte
2278 716 2673 800 detegentur
2715 720 2930 796 numi,
2974 722 3086 806 qui
3118 721 3450 811 duplicem
3576 750 3582 760 ’

1956 819 2077 883 sub
2098 818 2336 882 eodem
2369 822 2707 884 consulatu
2731 822 3126 887 tribunatum
3147 826 3454 910 prodent,

1957 934 2026 985 et
2086 922 2293 1005 magis
2354 921 2567 985 adhuc
2630 924 2795 987 certi
2855 927 3149 1004 erimus,
3223 931 3279 993 si
3336 929 3456 995 ali·

1956 1023 2218 1110 quaudo
2283 1026 2680 1089 reviviscent
2750 1045 3205 1105 monumenta,
3283 1053 3451 1119 quae

1838 1157 1849 1170 ·
1955 1141 2225 1209 praeter
2267 1127 2417 1189 trib.
2475 1141 2865 1211 potestatem
2913 1131 3088 1195 diem
3128 1134 3452 1199 Kalendis
3569 1179 3580 1195 .

1959 1230 2079 1295 lul.
2141 1231 2580 1315 posteriorem
2660 1234 3133 1299 memorabunt.
3224 1239 3455 1300 Exstat

1961 1332 2224 1417 quidem
2288 1333 2352 1395 in
2417 1333 2848 1415 praefatione‘
2899 1335 2980 1398 ad
3040 1341 3319 1402 Tomum
3366 1340 3453 1406 V.

1964 1434 2181 1519 Antiq.
2214 1431 2574 1500 Herculan.
2609 1434 2824 1499 tabula
2858 1436 3172 1501 honestae
3202 1442 3456 1508 missio·

1960 1538 2102 1613 nis,
2160 1540 2228 1599 in
2289 1560 2411 1622 qua
2455 1537 2890 1621 Vespasianus
2952 1541 3147 1603 nonis
3199 1543 3455 1607 Martiis

1964 1637 2204 1704 dicitur
2247 1639 2386 1703 Tu.
2420 1639 2627 1705 PO'I'.
2664 1640 2852 1704 COS.
2885 1643 2966 1706 11.
3054 1643 3458 1727 Vespasiano

1963 1743 2046 1808 11.
2093 1759 2160 1806 et
2221 1739 2374 1803 Tito
2439 1761 2607 1817 cos.‚
2641 1742 2782 1823 ‘qui
2841 1758 2989 1805 sunt
3045 1745 3459 1810 characteres

1965 1846 2115 1907 anni
2174 1839 2251 1913 V.
2300 1843 2877 1919 C.‘823‚,verum
2935 1845 3072 1909 sive
3116 1848 3469 1935 Vespasia·'

1966 1968 2085 2010 nus
2105 1944 2389 2029 fingatur
2416 1943 2780 2029 suscepisse
2803 1946 3195 2011 tribunatum
3215 1943 3458 2014 Kale'u-

1966 2048 2065 2110 dis
2113 2047 2234 2110 lul.
2274 2050 2355 2116 V.
2391 2049 2460 2112 C.
2506 2049 2669 2126 822,
2731 2051 2869 2120 sive
2918 2050 3093 2112 circa
3137 2053 3286 2115 Kal.
3326 2056 3459 2120 Ian.

1960 2135 2046 2221 V.
2082 2153 2153 2215 C.
2190 2148 2355 2226 823,
2418 2150 2767 2237 utrobique
2807 2152 2998 2216 nouis
3045 2156 3271 2217 Martii
3315 2177 3462 2219 cur·

1964 2252 2156 2315 rebat
2229 2250 2373 2333 ejus
2445 2243 2811 2317 tribunatus
2892 2257 2940 2317 1.
3047 2258 3461 2323 Tantundem

1968 2355 2162 2417 docet
2211 2354 2441 2419 similis
2489 2351 2706 2419 tabula
2748 2353 2921 2440 apud
2966 2357 3320 2423 Gruterum
3368 2358 3462 2448 b),

1967 2460 2032 2518 in
2080 2479 2205 2541 qua
2243 2453 2684 2542 Vespasianus
2729 2461 2921 2522 nonis
2964 2461 3174 2543 April.
3221 2462 3462 2528 dicitur

1964 2555 2109 2625 PR.
2144 2559 2351 2624 Por.
2387 2563 2466 2622 11.
2520 2559 2845 2627 COS.111.
2883 2553 3459 2640 DES.1111.1M1'>.

1950 2657 2080 2730 Vt.
2102 2707 2121 2741 ,
2179 2662 2291 2747 qui
2350 2674 2499 2725 sunt
2553 2662 2968 2726 characteres
3035 2666 3185 2726 anni
3245 2670 3326 2738 V.
3388 2671 3462 2735 C.

1958 2763 2117 2842 824.
2162 2767 2247 2828 At
2279 2764 2334 2827 si
2363 2762 2721 2848 fingamus,
2766 2761 3054 2851 reperiri
3083 2790 3470 2835 monumen-

1970 2881 2141 2943 tum,
2186 2867 2251 2928 in
2300 2889 2429 2953 quo
2467 2869 2906 2954 Vespasianus
2945 2893 3007 2936 v.
3043 2893 3108 2958 g.
3142 2873 3466 2938 Kalendis

1967 2969 2441 3054 Aug.‚dicatur
2483 2970 2621 3034 TR.
2669 2972 2875 3037 Po'r.
2921 2964 3034 3035 111.
3075 2973 3271 3039 COS.
3312 2978 3466 3051 111..

1959 3093 2290 3156 cogemur
2315 3070 2653 3147 confiteri,
2701 3094 2851 3137 eum
2886 3075 3033 3136 trib.
3070 3090 3465 3160 potestatem

1971 3173 2341 3258 suscepisse
2386 3172 2702 3236 Kalendis
2760 3176 2879 3236 Iul.
2928 3177 3014 3243 V.
3060 3179 3132 3240 C.
3175 3179 3341 3257 822,
3399 3192 3469 3242 et

1970 3275 2231 3338 tertiam
2282 3273 2580 3354 coepisse
2622 3268 2857 3336 iisdem
2907 3274 3224 3339 Kalendis
3264 3281 3345 3349 V.
3392 3278 3463 3341 C.

1962 3373 2117 3450 824.
2210 3372 2346 3437 Sed
2401 3374 2564 3439 haec
2615 3374 2967 3460 tranquille
3012 3376 3467 3462 Permittamus
3548 3412 3614 3429 --

1972 3477 2279 3558 tempori.

2102 3580 2236 3639 Titi
2280 3577 2429 3641 trib.
2491 3588 2884 3660 potestatem
2947 3581 3276 3668 copiosius
3322 3584 3470 3657 illu·

1975 3694 2181 3759 strant
2242 3682 2460 3756 numi,
2532 3693 2598 3741 et
2677 3680 2942 3763 quidem
3003 3683 3140 3760 illi,
3204 3685 3315 3772 qui
3382 3707 3471 3750 ex

1976 3782 2311 3846 mentione
2388 3782 2762 3847 consulatus
2817 3784 2960 3854 VII.
3038 3808 3205 3850 anno
3248 3791 3329 3856 V.
3394 3789 3467 3857 C.
3600 3827 3608 3835 ·

1966 3880 2101 3952 ’832
2168 3886 2512 3948 debentur.
2601 3887 2857 3949 Horum
2919 3886 3471 3961 alii.inscribun-

1977 4002 2121 4052 tur:
2168 3990 2306 4051 TR.
2359 3982 2431 4051 P.
2470 3990 2643 4082 Vlll.
2692 3989 2882 4055 COS.
2928 3993 3073 4061 Vn.
3120 3993 3263 4056 solo
3310 3995 3470 4058 Cae·

1942 4156 1949 4161 .
1976 4091 2144 4155 saris
2168 4091 2380 4156 titulo.
2445 4092 2535 4153 Hi
2569 4112 2713 4156 esse
2746 4106 3081 4177 nequeunt
3110 4096 3468 4182 auniprae·

1975 4195 2305 4270 cedentis,
2371 4216 2517 4257 nam
2565 4208 2698 4257 tum
2744 4195 2865 4256 fuit
2924 4195 3113 4259 COS.
3159 4198 3304 4272 vl„
3356 4218 3469 4261 ne·

1962 4288 2106 4384 *que
2136 4312 2285 4384 post
2327 4316 2616 4359 mensem
2666 4290 2920 4359 lunium
2965 4296 3207 4379 signari
3238 4312 3470 4383 potue·
3559 4312 3581 4325 ”

1976 4420 2088 4480 re,
2157 4422 2305 4462 uam
2367 4400 2495 4462 hoc
2567 4410 2851 4463 exeunte
2910 4396 3096 4461 Titus
3154 4398 3285 4483 jam
3344 4402 3468 4466 suit

400 4564 403 4569 ι
698 4558 707 4571 t
806 4560 811 4567 ¹
1014 4550 1019 4557 ¹
1262 4548 1267 4561 ι
1584 4556 1593 4561 .

447 4716 510 4783 ι)
540 4711 688 4770 nist.
728 4709 829 4770 tv.
867 4722 923 4775 s.

576 4805 753 4884 (μοι.
791 4796 1006 4883 Vm.)

1069 4711 1138 4785 b)
1178 4713 1311 4789 Peg.
1353 4723 1479 4779 573.

2887 4809 3065 4871 Frt
