4388 5576
1170 595 1229 672 fi
2347 584 3123 673 ADDENDA

1190 761 1280 825 11.
1308 780 1373 845 p.
1398 755 1574 841 360.)
1649 760 1721 821 I‘n
1761 755 1975 819 numia
2024 753 2167 817 aliis
2217 754 2549 840 Agrippae
2593 761 2674 822 11.

1185 862 1389 927 habes
1442 862 1620 925 IMP.
1679 860 1811 923 CA.
1866 860 1951 921 D.
2015 858 2261 925 VESP.
2317 859 2395 923 F.
2450 860 2676 923 DOM.

1184 963 1392 1031 AVG.
1449 975 1577 1025 etc.
1598 1006 1619 1038 ,
1680 960 1751 1021 in
1806 958 1981 1022 aliis:
2053 955 2677 1024 AOMITIANOC.

1180 1065 1559 1128 KAICAR.
1598 1059 1910 1125 CGBAC.
1964 1058 2088 1121 etsi
2131 1059 2392 1145 utrique
2439 1065 2679 1125 eodem

1186 1186 1355 1231 anno
1409 1167 1520 1240 Κς·
1570 1161 1805 1247 signati
1851 1173 2019 1226 snnt.
2064 1160 2247 1242 (Vol.
2289 1165 2398 1227 111.
2440 1185 2504 1247 p.
2534 1172 2682 1245 494,

1185 1268 1365 1349 495.)
1408 1263 1789 1328 Generatim
1824 1263 2173 1329 observare
2209 1263 2427 1343 licuit,
2470 1264 2539 1325 in
2569 1286 2685 1327 nu-

1182 1369 1307 1432 mis
1355 1367 1458 1430 his
1505 1365 1937 1449 bilinguibns,
1993 1364 2309 1449 quidquid
2356 1365 2438 1429 ad
2479 1367 2688 1450 impe-

1176 1470 1356 1533 rium
1401 1472 1769 1532 Romanum
1811 1466 2132 1550 pertinet,
2181 1466 2381 1529 scribi
2426 1461 2681 1546 Latine,

1190 1571 1505 1657 quidquid
1539 1583 1755 1641 autem
1791 1568 1871 1632 ad
1906 1568 2078 1651 ipsas
2111 1567 2345 1645 urbes,
2391 1584 2497 1632 aut
2531 1583 2680 1632 cum

1186 1674 1289 1735 his
1322 1671 1629 1756 proprius
1664 1660 2105 1746 eonn'ectitur,
2139 1670 2417 1734 Graece.
2468 1672 2578 1733 Sic
2613 1672 2682 1732 in

1185 1773 1361 1838 notis
1420 1771 1915 1836 tetradrachmis
1973 1770 2410 1839 Macedonum
2473 1773 2685 1836 antica

1181 1874 1389 1938 habes
1442 1870 2116 1950 MAKEAONQN,
2176 1893 2406 1938 aversa
2458 1874 2686 1935 ASIL-

1185 1977 1383 2041 ms,
1410 1973 1493 2068 Q.
1511 2019 1527 2051 ‚
1557 1994 1796 2056 nempe
1834 1974 1946 2056 qui
1976 1973 2097 2036 fuit
2123 1976 2533 2057 magistratus
2555 1978 2687 2037 Ro-

1088 2104 1100 2115 ·
1185 2100 1435 2143 manus.
1477 2079 1549 2137 In
1572 2074 1963 2158 cistophoris
1988 2098 2048 2141 v.
2067 2096 2125 2141 c.
2150 2077 2682 2142 C.PVLCHER.

1187 2178 1563 2241 PROCOS.
1602 2190 1670 2239 et
1708 2175 1874 2238 infra
1907 2172 2552 2253 ΜΗΝΟΔωΡΟΟ,
2588 2175 2686 2237 ni-

1188 2281 1424 2342 mirum
1458 2279 1575 2342 ille
1608 2277 2017 2360 magistratus
2052 2279 2406 2353 Romanus,
2441 2276 2547 2340 hic
2576 2300 2685 2339 ur·

1186 2382 1287 2445 his
1317 2402 1492 2444 suae.
1538 2383 1611 2441 ln
1642 2399 1839 2440 numo
1868 2377 2202 2462 Agrippae
2237 2379 2317 2438 11.
2347 2379 2546 2461 partis
2573 2400 2685 2441 an-

1188 2484 1359 2546 tieae
1394 2480 1753 2566 epigraphe
1791 2493 1917 2544 est.
1958 2482 2134 2547 IMP.
2160 2481 2292 2544 CA.
2322 2482 2404 2544 D.
2430 2481 2679 2546 VESP.

1186 2580 1264 2645 F.
1309 2567 1557 2647 DOM(
1585 2597 1711 2647 etc.
1765 2601 2077 2646 aversae:
2142 2582 2484 2649 SALVTI.
2532 2584 2685 2650 AV·

1190 2685 1449 2752 GVST.
1484 2686 1552 2749 S.
1584 2684 1656 2749 C.
1696 2679 1889 2747 Em.
1923 2681 2069 2747 BA.
2098 2680 2344 2747 ΑΓΡΙ.
2371 2682 2519 2748 ΕΤ.
2551 2684 2681 2759 Κς.

1187 2788 1461 2851 Scilicet
1493 2799 1687 2868 caput
1721 2783 2004 2861 anticae,
2041 2797 2322 2868 votaque
2361 2784 2579 2861 Salus,
2615 2797 2685 2846 et

1186 2889 1261 2949 S.
1282 2889 1355 2951 C.
1379 2887 1461 2950 ad
1478 2885 1940 2960 Domitianum,
1975 2897 2398 2968 senatumque
2424 2888 2506 2950 R.
2537 2901 2750 2969 per-‘⁸

1185 2989 1437 3064 tinent,
1492 3000 1556 3049 at
1604 3007 1725 3048 rex
1766 2985 2094 3068 Agrippa,
2150 2998 2220 3048 et
2270 2984 2485 3047 addita
2530 3008 2683 3049 aera

1185 3090 1456 3175 propius
1473 3087 1556 3152 ad
1571 3088 1802 3150 urbem
1819 3086 2156 3162 Graecam,
2178 3106 2343 3168 quae
2361 3086 2427 3147 in
2444 3086 2686 3171 Agrip—

1185 3214 1310 3276 pae
1338 3190 1585 3255 ditione
1604 3190 1817 3274 posita
1841 3188 2012 3251 hunc
2043 3210 2310 3251 numum
2341 3190 2682 3273 percussit.

1186 3300 1259 3357 In
1281 3294 1493 3357 numis
1514 3292 1674 3378 Tyri
1700 3291 1945 3376 legitur
1962 3290 2192 3353 Latine
2219 3290 2417 3355 COL.
2437 3292 2684 3356 SEP'r.

1191 3398 1512 3470 TYRVS,
1559 3394 1866 3456 nimirum
1906 3393 2055 3477 quia
2093 3395 2539 3455 Romanorum
2579 3414 2687 3456 co·-

1188 3500 1363 3563 lonia
1394 3497 1538 3575 fuit,
1576 3495 1695 3559 sed
1727 3495 1967 3559 deinde
1985 3494 2273 3559 Graece:
2315 3490 2686 3558 ΔΕΙΔΩΝ

1185 3635 1271 3649 --
1304 3595 1805 3663 AMBPOCIG.
1850 3593 2163 3658 HGTPG
2190 3630 2277 3645 —-
2310 3592 2680 3662 mKGAN.

1189 3717 1316 3767 etc.
1338 3748 1355 3777 ,
1401 3699 1550 3786 qnia
1583 3700 1749 3762 haec
1788 3698 2000 3760 omnia
2039 3697 2293 3759 nullum
2323 3696 2566 3761 habent
2599 3695 2684 3759 ad

1189 3803 1521 3868 Romanos
1556 3814 1965 3885 respectum,
2006 3799 2124 3862 sed
2153 3798 2236 3862 ad
2269 3799 2679 3884 antiquitates

1191 3905 1375 3968 urbis
1409 3923 1585 3965 suae.
1627 3904 1811 3963 Haec
1849 3922 2010 3985 ergo
2050 3900 2376 3984 exempla,
2410 3914 2478 3972 et
2513 3923 2679 3986 quae

1188 4006 1394 4067 multo
1430 4003 1617 4088 plura
1649 4016 1914 4085 possent
1954 4002 2233 4081 adferri,
2275 4003 2470 4088 hujus
2502 4003 2680 4066 insti·

1189 4109 1312 4171 tuti
1343 4127 1632 4174 caussam
1664 4103 1905 4167 affatim
1938 4104 2288 4188 explicant.

1510 4295 1582 4358 P.
1617 4289 1884 4382 XCIX.
1919 4289 2041 4352 col.
2074 4313 2129 4356 ι.
2168 4292 2217 4358 Ι.
2250 4308 2358 4374 29·

1306 4413 1445 4476 Pro
1462 4413 1885 4478 Faliscorum
1904 4413 2217 4477 Etruriae
2231 4411 2412 4497 lege:
2437 4410 2677 4474 Elidis.

1830 4599 1909 4661 P.
1948 4597 2019 4661 C.

1312 4714 1486 4780 Addi
1533 4728 1753 4799 potest
1797 4715 2167 4778 Priscianus
2231 4720 2358 4800 (ap.
2409 4715 2674 4780 Putsch.

1178 4845 1246 4920 p.
1273 4821 1425 4899 560)
1458 4820 1522 4879 H
1558 4817 1809 4881 literam
1847 4839 1978 4881 non
2017 4837 2161 4881 esse
2185 4861 2206 4894 ‚
2257 4818 2677 4896 ostendimus,

2795 758 2914 821 sed
2943 770 3159 821 notam
3195 754 3623 841 aspirationis,
3657 776 3832 842 qnam
3858 759 4151 825 Graecorum

2793 860 3220 945 antiquissimi
3247 859 3580 936 similiter,
3617 873 3687 922 ut
3716 861 3924 940 Latini,
3948 862 4002 923 in
4025 884 4155 927 vem

2793 963 3202 1038 scribebant,
3262 983 3436 1025 nune
3487 975 3704 1026 autem
3755 963 4077 1039 diviserunt,
4113 977 4153 1026 et

2794 1064 3134 1127 dexteram
3205 1063 3348 1147 ejus
3420 1078 3671 1147 partem
3700 1138 3704 1143 ,
3751 1087 3925 1149 supra
3978 1063 4154 1127 literam

2797 1176 3118 1249 ponentes
3189 1167 3410 1248 psilen
3472 1181 3690 1231 notam
3742 1166 3982 1242 habent,
4033 1186 4154 1249 quan

2796 1265 3114 1329 Remnius
3147 1269 3502 1331 Palaemon
3543 1270 3786 1331 exilem
3822 1279 4013 1343 vocat,
4050 1265 4157 1326 Gril-

2796 1367 2923 1430 lius
2983 1388 3146 1433 vero
3207 1369 3288 1433 ad
3348 1368 3702 1451 Virgilium
3757 1366 3835 1429 de
3891 1365 4154 1431 accentibus

2797 1468 3095 1532 scribens
3126 1472 3339 1532 lencm
3370 1469 3690 1545 nominat;
3719 1467 4001 1531 sinistram
4019 1480 4157 1529 auten

2799 1569 3161 1634 contrariae
3196 1571 3292 1631 illi
3327 1570 3732 1655 aspirationis
3773 1572 4006 1645 dasian,
4039 1589 4155 1654 qum

2798 1672 3072 1735 Grillius
3083 1673 3387 1760 flatilem
3425 1688 3637 1739 vocat.

2802 1831 2878 1892 P.
2914 1828 3121 1892 CLII.
3156 1828 3280 1889 col.
3307 1845 3367 1892 2.
3406 1829 3525 1892 lin.
3551 1846 3625 1888 ιω
3660 1837 3814 1911 post
3842 1826 4161 1889 Fabricii.-

2800 1957 2873 2006 ut
2911 1957 2978 2007 et
3012 1944 3545 2028 Barthelemyus,
3599 1946 3712 2030 qui
3747 1966 3845 2009 ,ex
3881 1964 3951 2006 eo
3989 1961 4161 2003 numan
4251 2018 4252 2027 ἵ

2799 2045 3011 2110 Licin.
3056 2046 3394 2110 Gallienae
3427 2047 3718 2130 vulgavit
3751 2049 3955 2120 (Mem.
3981 2046 4039 2106 B.
4053 2046 4103 2107 L.
4117 2044 4162 2104 Τ.
4251 2108 4252 2121 χ

2798 2148 3038 2225 XXVI.
3069 2170 3135 2234 p.
3160 2151 3373 2232 555.),
3407 2169 3604 2235 quem
3639 2147 3923 2212 dedimus
3946 2145 4160 2214 Votvlt

2796 2272 2865 2334 p.
2893 2259 2968 2327 41
2986 2270 3040 2317 Ι.

3120 2401 3189 2465 P.
3211 2397 3315 2481 oq.
3348 2399 3472 2464 col.
3500 2416 3558 2462 s.
3582 2408 3746 2481 post
3783 2396 3896 2462 lin.
3916 2412 3969 2459 a.

2928 2519 3133 2602 Caput
3166 2516 3453 2602 juvenile
3489 2517 3684 2582 virile
3720 2515 4031 2599 galeatum,
4062 2511 4161 2592 juxa

2799 2614 3019 2686 ΑΓΛ.
3058 2619 3104 2679 ΣΕ
3137 2618 3493 2683 MACCA.
3526 2619 3768 2701 Aquila
3797 2631 3970 2680 stans.
3995 2611 4164 2675 Anni
4253 2668 4254 2697 3

2921 2723 3345 2785 Praeclarum
3381 2720 3555 2783 hunc
3591 2720 3921 2781 numulum
3940 2716 4014 2780 ill.
4034 2716 4164 2794 Augu·

2801 2838 2938 2888 stus
2970 2827 3048 2888 L.
3083 2828 3162 2891 B.
3205 2823 3627 2888 Seckendorf
3659 2844 3745 2885 ex
3782 2841 3985 2884 museo
4008 2831 4165 2895 suupe-

2798 2928 2965 2990 tenti
3028 2926 3188 2988 mihi
3246 2927 3504 2989 Dresda
3567 2921 4018 3009 inspiciendum
4051 2914 4164 2979 misit.

2798 3028 2921 3092 Est
2944 3029 2999 3091 is
3025 3029 3218 3112 plane
3240 3029 3524 3090 illaesus·
3551 3029 3931 3110 Inscriptum
3948 3018 4166 3086 MACCA

2799 3131 3013 3216 primo
3060 3131 3291 3193 obtutu
3332 3129 3689 3193 Massiliam
3741 3128 3973 3193 invitat.
4015 3124 4169 3190 Verum

2802 3233 3097 3295 dubitare
3158 3220 3315 3295 facit
3372 3253 3606 3293 numus
3673 3231 4014 3294 simillimus
4055 3223 4169 3287 alter.

2801 3356 2997 3418 quem
3028 3334 3316 3415 vulgavit
3350 3332 3758 3396 Pellerinius
3791 3335 3964 3406 (Rec.
3990 3332 4028 3391 Ι.
4052 3321 4172 3410 ΡΗ.

2800 3459 2865 3498 n.
2895 3439 2999 3518 t.),
3029 3450 3096 3499 et
3123 3436 3443 3497 Gallicum
3484 3435 3756 3519 quidem
3787 3435 3965 3498 etiam
3989 3425 4171 3512 agnovit.

2800 3537 2920 3600 sed
2971 3537 3037 3597 in
3088 3537 3273 3618 cujus
3328 3536 3535 3599 antica
3579 3537 3766 3620 juxta
3810 3549 3984 3621 capnt
4021 3528 4177 3614 legito:

2798 3639 3044 3705 LIHO.
3095 3641 3246 3716 VL,
3304 3640 3371 3699 in
3417 3659 3644 3702 aversa
3700 3637 4041 3710 OVACIA,
4079 3644 4175 3714 (ιω

2793 3741 3254 3825 inscriptiones
3282 3761 3428 3802 cum
3462 3740 3615 3818 illis,
3647 3762 3812 3825 quas
3844 3740 4179 3804 habetnumn·

2794 3864 3146 3927 praesens,
3204 3841 3369 3910 nihil
3432 3840 3667 3907 adfine.
3746 3842 4000 3905 Interim
4047 3834 4176 3895 donee

2795 3944 3080 4008 certiora
3105 3944 3477 4019 doceamur,
3502 3957 3724 4027 potest
3750 3946 3819 4006 in
3847 3938 4181 4006 monetans

2781 4045 3049 4120 ‚siliensi
3094 4048 3436 4110 stationem
3494 4046 3825 4110 obtinere.
3899 4039 4083 4124 (Cous.
4117 4034 4181 4093 50·

2793 4148 2946 4212 atini
2976 4151 3176 4212 Class.
3206 4170 3354 4233 gen.
3383 4149 3459 4212 P.
3486 4149 3563 4211 Il.
3595 4148 3726 4212 eol.
3760 4172 3813 4210 1.
3842 4147 3955 4210 sub
3977 4135 4184 4224 Agathe,
4247 4147 4248 4222 1

2779 4265 2865 4314 -et
2900 4251 3295 4335 Descriptio.
3329 4270 3476 4333 pag.
3507 4249 3569 4325 3,
3605 4263 3672 4312 et
3713 4246 3973 4313 Martini
4002 4240 4183 4325 Syllogss

2795 4353 2874 4418 11.
2913 4374 2978 4438 p.
3011 4356 3181 4434 255.)

3034 4487 3038 4491 ’
3168 4499 3242 4560 Ρ.
3265 4479 3368 4577 71’.
3404 4494 3531 4559 col.
3557 4511 3614 4554 ε.
3652 4493 3779 4558 lin.
3812 4493 3912 4555 23.

2916 4616 3166 4678 Numos
3210 4615 3373 4680 alios
3418 4616 3706 4681 incertae
3749 4612 3941 4697 hujus
3978 4601 4188 4670 coloniae
4245 4653 4246 4656 ,

2794 4715 2943 4782 vide
2978 4741 3012 4779 a
3046 4738 3152 4780 me
3184 4717 3548 4802 descriptos
3580 4719 3646 4782 in
3674 4719 3836 4785 Vol.
3859 4717 3938 4781 V.
3967 4711 4110 4773 inter
4129 4725 4197 4762 mr
4243 4791 4244 4794 Ἴ

2793 4840 2934 4883 mos
2973 4820 3187 4905 gentis
3222 4819 3527 4905 Paquiae.
