4388 5576
894 412 1042 483 352

900 550 1129 656 nomen
1185 583 1481 645 Caesaris
1502 623 1519 655 ,
1590 582 1685 641 ad
1718 598 1932 641 omnes
1951 620 1968 654 ,
2043 584 2156 662 qui
2199 583 2403 643 secuti

904 695 1087 759 sunt,
1135 687 1548 762 imperatores
1585 679 1981 755 dimanavit,
2028 701 2155 743 non
2187 693 2400 743 tamen

904 790 1162 849 sublata
1218 786 1489 866 antiqva
1549 785 1742 859 hujus
1794 784 2075 845 noneinis
2123 786 2412 873 ratione,

902 892 1020 950 sed
1036 897 1308 969 utraque
1325 888 1577 964 inteyra
1597 885 1717 960 (sc.
1738 864 1914 945 I'MP.
1934 882 2016 945 ob
2036 883 2341 948 victorias
2354 885 2400 962 .)
2453 900 2474 910 ⁸

901 991 1131 1069 Itaque
1158 989 1510 1049 ITERVM
1536 989 2143 1050 IMPERATORIS
2172 1007 2403 1048 nomeu

904 1093 1003 1151 eis
1026 1092 1370 1163 tribuitur,
1416 1107 1557 1148 cum
1586 1091 1926 1149 victoriam
1973 1092 2261 1171 aliquam
2303 1099 2401 1150 ta·

903 1194 1028 1253 lem
1059 1194 1345 1252 retulere.
1393 1185 1644 1281 Quibus
1668 1189 1903 1264 verbis,
1947 1190 2173 1270 inquit,
2215 1198 2401 1271 aper'-

907 1304 977 1352 te
1017 1291 1281 1367 doceri,
1350 1291 1682 1374 principes
1726 1292 1806 1351 R.
1853 1292 1941 1352 ita
1991 1309 2232 1353 nomen
2287 1291 2405 1352 im-

788 1396 803 1407 '
909 1393 1233 1476 peratoris
1267 1391 1598 1474 accepisse
1621 1437 1639 1468 ,
1685 1407 1757 1454 ut
1788 1413 1919 1454 non
1953 1392 2167 1455 solum
2200 1393 2405 1475 impe-

905 1496 1075 1564 rium
1134 1495 1286 1555 inde
1320 1492 1681 1571 haberent,
1712 1515 1955 1558 ‘verum
2000 1495 2193 1558 etiam
2234 1495 2406 1577 ejus-

904 1595 1057 1657 dem
1111 1595 1392 1656 nominis
1438 1610 1712 1677 propter
1761 1595 2063 1660 victorias
2118 1597 2401 1658 iterandi

888 1698 1296 1785 ,principium
1341 1686 1513 1758 vinde
1589 1713 1946 1761 sumerent.
2075 1699 2400 1763 Nimirum

907 1821 1053 1863 cum
1119 1802 1262 1883 quis
1324 1800 1533 1863 dictus
1592 1799 2113 1882 est-,imperator
2159 1801 2244 1863 ob
2285 1800 2402 1860 im·

905 1904 1163 1986 perium
1186 1946 1200 1975 ,
1246 1901 1418 1963 istud
1438 1902 1530 1962 sic
1553 1901 1749 1963 fuisse
1780 1901 2188 1965 intellectum
2214 1947 2230 1977 ,
2261 1892 2403 1964 ¹tan-

907 2024 1098 2086 quam
1171 2002 1337 2064 illud
1398 2003 1667 2066 victoria
1746 2016 1921 2064 esset
1990 2016 2426 2080 consecutus,

906 2127 990 2167 ex
1043 2106 1251 2186 prima
1298 2088 1538 2167 deinde
1600 2105 1868 2166 victoria
1923 2105 2164 2167 dictum
2220 2108 2399 2173 lMP.

905 2208 1020 2280 11.‚
1068 2228 1147 2269 ex
1182 2205 1463 2269 secunda
1499 2206 1672 2266 lMP.
1696 2192 1912 2270 luyet
1944 2207 2036 2268 sic
2066 2206 2400 2291 deinceps.

904 2309 1093 2386 Ergo
1155 2329 1396 2369 nomen
1465 2296 1903 2388 imperatoris'
1938 2308 2029 2368 ‘ob
2088 2309 2399 2375 victorias

907 2432 1203 2482 causam,
1265 2423 1329 2471 et
1395 2410 1803 2471 occasionem
1860 2410 2062 2475 fuisse
2116 2409 2401 2471 nominis

903 2511 1324 2596 imperatoris
1365 2511 1448 2572 ob
1476 2512 1863 2594 imperium,
1909 2534 1982 2576 ac
2028 2526 2396 2597 praeterea,

908 2614 1427 2695 quotiescunque
1474 2615 1764 2675 occurrit
1815 2614 2046 2698 aliquis
2085 2635 2398 2676 numerus

905 2713 1096 2775 titulo
1149 2714 1561 2796 imperatoris
1607 2714 1897 2791 additus,
1961 2734 2092 2776 non
2150 2728 2247 2777 tot
2307 2717 2402 2776 vi-

906 2813 1187 2889 ctorias,
1249 2831 1408 2899 quot
1460 2828 1607 2878 sunt
1651 2815 1953 2892 numeri,
2026 2817 2402 2896 intelligen-

905 2915 1020 2978 das
1060 2936 1238 2990 esse,
1283 2918 1398 2979 sed
1425 2940 1549 2980 una
1579 2919 1823 2993 minus,
1872 2918 2112 3001 quippe
2147 2918 2215 2979 in
2248 2938 2397 2980 eum

906 3039 1248 3083 numerum
1316 3019 1540 3081 venire
1584 3007 1779 3081 etiam
1835 3035 2074 3081 nomen
2119 3021 2400 3103 impera-

904 3121 1105 3195 toris,
1166 3119 1341 3204 quod
1400 3120 1747 3204 imperium
1809 3121 2151 3203 significat.
2235 3121 2400 3203 Ejus

902 3231 1071 3284 'vero
1104 3243 1363 3290 causam
1420 3243 1604 3297 esse,
1652 3226 1799 3308 quia
1835 3244 1963 3284 non
2006 3223 2268 3307 quidem
2310 3224 2404 3285 vi-

902 3325 1155 3389 ctoriae
1216 3325 1296 3387 iis
1355 3328 1644 3389 numeris
1700 3328 1968 3410 proprie
2039 3328 2397 3414 signantur,

907 3427 1024 3489 sed
1073 3428 1326 3510 quoties
1357 3429 1587 3514 aliquis
1608 3437 1613 3442 '
1635 3428 1845 3493 <lictus
1881 3441 1979 3489 est
2012 3428 2395 3510 imperator.

908 3533 1040 3593 lam
1100 3531 1804 3597 vero‘acclamationes
1862 3530 2139 3609 militum
2198 3530 2404 3610 impe·

910 3633 1187 3695 ratorias
1244 3630 1444 3694 fuisse
1503 3634 1934 3714 repetitiones
1997 3629 2405 3696 acclamatio-

906 3756 1097 3809 num‚
1160 3754 1325 3816 quae
1370 3734 1435 3793 in
1481 3733 1845 3816 deferendo
1885 3734 2161 3814 primum
2209 3728 2405 3793 alicui

912 3835 1197 3917 imperio
1239 3833 1451 3895 editae
1497 3834 1786 3911 fuerant,
1832 3845 2025 3915 atque
2066 3833 2233 3896 adeo
2276 3832 2405 3894 sin-

899 3937 1098 4017 gulas
1160 3954 1445 4017 quasque
1505 3935 1694 4017 hujus
1771 3936 2035 4017 generis
2092 3932 2405 3996 acclama·

913 4036 1129 4097 tiones
1191 4035 1355 4096 nihil
1412 4035 1589 4097 aliud
1633 4036 1869 4112 fuisse,
1925 4057 2121 4119 ,quam
2166 4034 2404 4099 confir-

911 4139 1260 4203 mationem
1324 4127 1525 4221 ipsius
1571 4138 1868 4221 imperii,
1928 4140 2102 4222 quod
2148 4138 2207 4201 si
2251 4157 2404 4201 con-

911 4241 1324 4319 firmabatur,
1386 4241 1514 4322 jam
1556 4240 1760 4319 altera
1796 4239 1938 4304 vice
1980 4239 2182 4304 fuisse
2227 4238 2404 4303 dela·

909 4359 1070 4410 tum.

1034 4448 1223 4511 Hauc
1252 4446 1377 4511 viri
1421 4447 1807 4531 praestantis
1843 4445 2229 4509 sententiam
2260 4440 2395 4509 vsl-

911 4550 996 4613 de
1026 4570 1170 4612 esse
1201 4549 1647 4634 probabilem,
1694 4563 1758 4613 et
1801 4569 1946 4611 cum
1992 4547 2205 4609 numis
2238 4544 2395 4627 ipsis

900 4645 1437 4739 conspirantem,
1505 4652 1812 4714 lubenter
1864 4649 2227 4733 permitto,
2285 4668 2397 4710 ne·
2440 4710 2450 4722 ,

2465 2867 2471 2874 .
2514 2817 2840 2883 habuisse.

2145 392 2526 468 CAPVT
2604 390 2736 466 111.

2513 596 2640 660 que
2660 574 2757 642 ‚ab
2793 595 2868 639 es
2911 571 3356 638 recedendum
3392 571 3688 636 existimo
3727 589 4003 660 propter

2511 679 2826 742 nonnulla
2885 677 3186 763 exempla
3238 676 3637 740 contrarium
3675 678 4006 757 docentia,

2513 802 2679 866 quae
2713 780 2855 865 ipse
2889 779 3015 842 sibi
3049 778 3314 861 objicit,
3356 801 3418 844 v.
3459 798 3525 861 g.
3560 781 3856 858 Tiberii,
3892 784 4007 866 qui

2512 880 2660 956 cum
2701 882 2828 965 jam
2864 896 3011 944 ante
3060 882 3408 964 imperium
3454 883 3791 947 diceretur
3822 885 4005 950 lMP.

2516 988 2694 1059 vn„
2754 983 3058 1066 pluribus·
3105 984 3320 1047 adbuc
3378 1001 3525 1068 post
3585 985 3829 1050 aditum
3886 985 4008 1047 im·

2516 1089 2775 1171 perium
2832 1086 3015 1148 annis
3074 1083 3203 1147 dici
3261 1089 3556 1167 perrexit
3616 1091 3793 1155 IMP.
3837 1088 4005 1162 vn..

2518 1211 2666 1253 cum
2732 1201 2947 1255 tamen
3015 1187 3082 1245 in
3144 1187 3263 1248 bac
3324 1189 3639 1251 sententia
3701 1203 4006 1271 tempore

2516 1291 2770 1376 accepti
2804 1288 3203 1372 principatus
3238 1290 3553 1352 dicendus
3578 1290 3809 1355 fuisset
3828 1294 4007 1354 lMP.

2516 1393 2689 1455 V111.
2775 1393 3027 1459 Verum
3072 1390 3247 1455 istud
3291 1392 3707 1457 viriserudiii
3750 1407 4011 1456 senten·
4115 1390 4130 1399 ’

2515 1493 2666 1555 tiam
2703 1513 2832 1554 non
2878 1491 3245 1555 labefactat.
3331 1495 3591 1556 Etenim
3628 1495 4005 1578 scrupulum

2515 1696 2820 1758 Tiberius
2838 1740 2854 1768 ,
2903 1715 3050 1758 cum
3081 1710 3256 1774 esset
3277 1698 3425 1759 trib.
3448 1699 3786 1781 potestatis
3803 1702 4006 1776 xm„

2515 1797 2753 1859 dicitur
2811 1798 3231 1858 IMPERAT.
3277 1800 3421 1872 vu.
3496 1802 3778 1864 triennio
3835 1800 4006 1863 adeo

2514 1911 2664 1962 ante
2710 1892 2985 1980 Augusti
3030 1898 3303 1960 obitum.
3393 1900 3522 1964 sed
3593 1903 3766 1964 enim
3812 1902 4020 1984 hujus*

2517 2002 2940 2084 praeconium
3005 2000 3221 2077 numi,
3257 2018 3264 2021 ’
3300 2023 3491 2085 quem
3539 2004 4022 2068 mediobarbus·

2516 2117 2646 2169 tam
2711 2101 3160 2183 perfunctorie
3217 2104 3396 2179 citat,
3456 2118 3526 2166 ut
3585 2121 3669 2195 ne
3716 2107 4005 2190 quidem,

2518 2225 2649 2288 quo
2710 2203 2765 2265 is
2824 2203 2909 2264 sit
2984 2218 3178 2286 typo,
3247 2205 3599 2287 adjiceret,
3674 2228 4003 2293 quemque

2514 2292 2822 2389 ignorant
2918 2305 3301 2382 Morellius‚
3389 2308 3643 2393 aliaque
3725 2310 4026 2374 illustria·

2515 2428 2781 2483 musea,
2859 2409 3251 2497 audiendum
3329 2429 3460 2471 non
3538 2423 3732 2492 puto,
3807 2408 4023 2497 atque‘

2516 2511 2710 2571 etiam
2758 2522 2828 2571 ut
2873 2500 3223 2592 genuinum
3271 2510 3499 2573 demus
3545 2532 3848 2588 numum,
3909 2535 4007 2575 sa·
4099 2545 4110 2551 ·

2515 2612 2594 2676 tis
2629 2625 2911 2687 constat,
2958 2613 3298 2677 Tiberium
3331 2613 3768 2676 nullam'tituli
3799 2614 4010 2697 impe-

2513 2708 2747 2777 ratoris
2783 2774 2786 2777 ,
2817 2727 3118 2801 tanquam
3181 2715 3621 2798 praenominis
3679 2715 4007 2781 rationem

2967 2818 3274 2881 Alterum
3335 2817 3749 2901 exemplum,
3828 2820 4006 2904 quod

2515 2919 2599 2981 de
2651 2917 2792 2981 Gal.
2833 2920 3224 2983 Maximiano
3279 2917 3542 3002 objicit,
3603 2935 3783 2984 tanto
3822 2942 4019 2985 secu·-

2514 3021 2653 3083 rius
2689 3033 2907 3102 potest
2939 3020 3225 3103 negligi,
3271 3037 3510 3103 quanto
3546 3037 3677 3085 tum
3731 3024 4008 3089 liberius

2513 3127 2928 3204 superiorum
3014 3123 3442 3205 imperiorum
3521 3124 3846 3203 instituta,
3926 3123 4034 3191 ae*

2512 3225 2867 3309 praecipue
2929 3222 3346 3305 dignitatum,
3411 3224 3880 3314 titulorumque
3924 3229 4007 3291 si·

2495 3321 2882 3411 ‘gnificatim
2946 3323 3124 3408 quod
3177 3324 3441 3386 aliunde
3477 3329 3848 3418 cognitu-m,
3892 3330 4007 3393 ali··

2512 3451 2611 3492 am
2660 3428 2894 3490 faciem
2955 3445 3298 3509 accepere.
3383 3428 3687 3512 Denique
3750 3430 3818 3491 in
3881 3424 4034 3496 hac‘

2517 3548 2706 3591 causa
2781 3527 2952 3590 istud
3027 3543 3268 3592 tantum
3364 3530 3769 3613 quaerimus,
3847 3532 4001 3614 quid

2515 3631 2837 3712 placuerit
2902 3628 3338 3713 principibus,
3413 3631 3523 3713 qui
3580 3644 3726 3704 ante
3787 3633 3997 3716 ipsum

2516 3732 2780 3812 imperii
2831 3732 3072 3793 ‘aditum
3118 3732 3404 3794 nondum
3452 3732 3863 3814 imperatoris
3918 3756 4001 3798 ex

2517 3834 2808 3896 victoriis
2852 3833 3043 3894 titulo
3082 3833 3270 3896 fuere
3324 3836 3634 3915 insignes.
3725 3831 4002 3901 Gravius

2516 3936 2880 3998 laborasset
2911 3936 3363 4012 Mazzolenus‚
3414 3937 3466 3997 si
3500 3936 3581 3997 ad
3614 3936 3846 3999 Severi
3885 3958 4001 4000 nu-

2516 4055 2658 4099 mos
2701 4037 2984 4101 animum
3043 4035 3453 4112 reflexisset,
3515 4051 3657 4114 aut,
3719 4052 3789 4099 ut
3850 4058 4001 4101 con-

2515 4140 2767 4202 cinnius
2793 4141 3062 4223 loquar,
3121 4137 3177 4200 si
3214 4158 3343 4201 non
3392 4162 3590 4202 unum
3630 4133 4004 4203 Mediobar·

2515 4240 2582 4302 bi
2638 4239 3004 4321 catalogum
3063 4260 3262 4324 saepe
3322 4241 3620 4303 fallacem
3675 4261 4003 4305 mancum·

2509 4358 2675 4427 que,
2739 4345 2917 4427 quod
2974 4363 3324 4408 commune
3389 4341 3701 4407 hactenus
3744 4343 4007 4408 critico·

2509 4436 2655 4507 r‘um
2678 4442 2881 4507 fuisse
2920 4448 3159 4510 malum
3179 4445 3484 4528 comperi
3507 4490 3523 4520 ,
3565 4444 3684 4508 sed
3720 4445 3856 4529 ipsa
3885 4466 4002 4506 nu-

2516 4565 2770 4607 morum
2834 4549 3096 4612 oracula
3151 4549 3217 4608 in
3277 4546 3618 4609 consilium
3683 4558 3999 4610 vocasset.

2513 4648 2789 4732 Legitur
2857 4650 2923 4710 in
2977 4651 3131 4712 eliis
3198 4648 3433 4713 Severi
3491 4648 3740 4712 numia:
3816 4650 3999 4720 IMP.
