4388 5576
942 492 1262 569 CAPVT
1310 492 1512 568 xvl.
1589 492 1723 568 DE
1771 445 2070 567 Nths
2107 491 2305 567 ‘th
2359 493 2619 568 Assvt.

3173 513 3321 598 499

241 690 429 766 bant,
503 680 773 766 adsequi
854 678 1028 763 jactu
1106 689 1407 760 potuere.
1505 676 1721 762 Atque
1834 698 1872 741 a
1906 674 2260 759 majoribus
2302 674 2537 739 tradita
2585 677 2954 741 inconsulte
2989 700 3025 743 a
3072 700 3327 748 sueces-
3408 716 3425 732 ·

242 801 384 874 post
423 787 584 851 haec
618 783 938 868 disputat-a
975 779 1123 863 jure
1174 799 1561 863 arguemus,
1606 778 1722 840 has

242 891 608 976 principum
657 882 974 966 imagines
1016 875 1221 945 fuisse
1268 901 1455 972 veras
1502 890 1723 964 proto·

243 1014 372 1057 mas
410 991 547 1062 sive
588 986 862 1050 caelatas
903 984 969 1045 in
1006 1004 1165 1046 auro
1203 996 1599 1064 argentove,
1643 979 1725 1042 si·

246 1114 324 1157 te
361 1088 695 1155 coloribus
731 1105 1109 1170 expressas,
1154 1086 1290 1148 sive
1312 1086 1586 1147 intextas
1617 1102 1727 1145 ve·

244 1195 416 1257 xillis
454 1190 816 1277 quadratis,
898 1189 1194 1271 justaque
1232 1187 1351 1247 'eas
1412 1184 1729 1267 magnitu-

251 1294 437 1371 dine,
481 1307 552 1355 ut
582 1291 888 1371 longiore
927 1292 1120 1351 etiam
1151 1285 1496 1350 intervallo
1536 1308 1570 1347 a
1604 1284 1729 1347 cir-

244 1392 704 1462 cumstantibus
734 1389 1070 1474 'potuerint
1103 1387 1416 1472 dignosci,
1462 1388 1547 1448 Et
1581 1386 1724 1468 jure

249 1495 409 1563 adeo
441 1491 935 1580 aspernabimur
959 1490 1342 1574 indigestam
1380 1475 1554 1551 illam
1587 1508 1729 1550 sen-

252 1599 514 1662 teutiam
567 1595 720 1659 inde
791 1617 825 1656 a
871 1594 1111 1655 Savoto
1158 1589 1511 1674 praeclaris
1570 1588 1729 1654 viris

250 1699 582 1788 probatam
633 1696 714 1758 de
756 1695 968 1757 nuruis
1014 1694 1330 1782 maximae
1366 1693 1616 1755 formae
1649 1692 1730 1755 si·

242 1820 381 1884 gno
409 1798 675 1863 militari
704 1796 988 1862 insertis.
1078 1794 1243 1858 Sunt
1283 1795 1517 1872 multa,
1562 1813 1727 1878 quae

1837 777 2098 842 toribus
2127 778 2448 842 tolluntur
2466 822 2484 855 ,
2503 801 2506 806 f
2527 779 2844 864 nulloque
2886 779 2998 844 diu
3027 784 3330 850 examine

1837 881 1905 942 in
1922 894 2226 964 posteros
2247 895 2726 964 propagantur3
2771 899 2902 969 quo
2936 885 3131 949 modo
3148 885 3328 971 phia-
3399 933 3402 934 ν

1837 981 1942 1044 lae
1988 981 2466 1045 lacrimatoriae
2510 983 2724 1066 primo
2773 1000 3041 1050 auctore
3088 985 3332 1051 Chisse·
3425 987 3434 994 ”

1836 1082 1930 1145 tio
1974 1083 2211 1170 perdiu
2253 1080 2334 1145 ab
2379 1083 2743 1148 illustribus
2801 1086 2995 1150 etiam
3043 1086 3329 1171 antiqua·⁴

1835 1185 1952 1247 riis
1995 1184 2339 1248 adsensum
2384 1198 2609 1250 nactae
2644 1201 2830 1264 sunt,
2876 1188 3086 1252 donec
3131 1210 3328 1251 anno·

1796 1286 1800 1289 ’
1837 1307 1944 1349 sae
1990 1284 2146 1350 huic
2196 1283 2454 1349 fabulae
2510 1288 2727 1350 sanior
2785 1289 3201 1372 Schopssinus
3246 1289 3321 1353 fi-

1838 1387 1990 1450 dem
2030 1407 2290 1450 omnem
2337 1386 2578 1450 ademit
2609 1389 2704 1470 ¹),
2750 1379 2983 1474 quibus
3026 1391 3171 1472 jure
3213 1389 3326 1453 ad·
3383 1417 3388 1423 ·

1830 1492 1953 1579 ¹das
1989 1489 2405 1572 famigeratas
2438 1488 2582 1552 illas
2599 1489 2933 1555 Lucernas
2969 1490 3172 1554 dictas
3193 1492 3332 1553 vul·

1841 1610 1928 1674 go
1964 1603 2315 1676 perpetuas
2346 1591 2414 1654 in
2451 1604 2746 1658 veterum
2779 1591 3099 1679 sepulcris
3129 1584 3366 1676 saepe·

1841 1704 2140 1777 repertas
2168 1689 2259 1776 ὓ).

1545 2111 1967 2133 -ᾥ-’.ο

1184 2589 1945 2716 GAPv-‘T
2087 2599 2556 2725 XVL.

838 2867 983 2929 DE
1076 2843 1507 2931 NVMIS'
1562 2866 2324 2929 INFERIORIS
2401 2866 2734 2929 ΑΕΗ.

236 3074 375 3185 Hi
410 3114 629 3178 multis
674 3114 882 3178 causis
940 3116 1104 3178 adeo
1149 3136 1185 3178 a
1240 3129 1500 3178 moneta
1544 3112 1734 3199 supe-⁸

244 3219 442 3284 rioris
505 3216 885 3315 egmediae
956 3218 1424 3300 imperatorum
1506 3215 1729 3279 aetatis

231 3316 595 3392 abludunt,
640 3318 994 3400 praecipue
1031 3337 1112 3379 ex
1144 3336 1273 3401 quo
1304 3338 1468 3379 unus
1488 3316 1731 3380 Oriens

243 3440 391 3483 esse
419 3420 764 3497 ¹Romanus
810 3420 1143 3501 perrexit,
1207 3431 1277 3479 ut
1308 3437 1582 3480 necesse
1628 3416 1732 3490 sit,

247 3521 333 3584 de
382 3520 527 3601 ejus
571 3532 736 3581 statu
783 3533 849 3583 et
882 3519 1254 3583 conditione
1303 3520 1514 3603 aliqua
1559 3536 1732 3581 com·

245 3640 651 3697 memorare,
716 3640 797 3684 ex
859 3640 984 3706 qua
1042 3635 1259 3684 tanen
1322 3621 1507 3701 copia
1553 3619 1729 3683 aliud

244 3721 558 3785 hocloco
591 3720 1016 3786 adferendum
1067 3743 1195 3785 non
1236 3722 1492 3806 putavi,
1539 3743 1727 3807 quam

249 3823 428 3910 quod
460 3822 927 3909 explicatione,
989 3836 1094 3884 aut
1133 3825 1360 3886 saltem
1401 3821 1733 3884 mentione

245 3926 515 4010 dignum
595 3945 740 3988 esse
815 3923 1171 3988 videbatur.
1287 3924 1731 4020 Quamobrem

240 4029 444 4091 multa
479 4042 861 4112 praetereo,
908 4047 1072 4110 quae
1121 4039 1420 4089 monetae
1463 4025 1569 4086 isti
1596 4025 1738 4088 vul-

244 4151 335 4212 go
369 4132 631 4212 propria
658 4141 995 4212 putantur,
1039 4141 1111 4189 ut
1138 4130 1499 4210 generatim
1519 4139 1728 4211 typos,

242 4231 744 4313 inscriptiones,
789 4230 1123 4292 literarum
1160 4229 1475 4305 formam,
1522 4233 1727 4294 varias

241 4328 387 4410 ejus
442 4330 943 4411 appellationes,
1021 4342 1226 4393 artem
1278 4331 1612 4419 paullatim
1659 4333 1725 4394 in

237 4451 556 4494 summam
607 4430 970 4492 barbariem
1023 4433 1423 4513 prolapsam,
1492 4432 1721 4515 partim

236 4528 422 4617 quod
457 4532 569 4592 bas
589 4544 806 4614 partes
830 4530 958 4612 jam
992 4532 1147 4593 alibi
1175 4535 1539 4614 attigimus,
1582 4556 1727 4616 par-

311 4747 375 4818 a)
413 4744 698 4803 Paciaudi
733 4744 890 4802 Mon.
930 4743 1138 4822 Pelop.
1173 4743 1317 4807 Vol.
1355 4745 1424 4805 11.
1462 4767 1597 4825 pag.
1639 4755 1761 4809 180.

3291 2936 3300 2981 l

1842 3115 1955 3176 tim
1995 3117 2169 3200 quod
2201 3117 2353 3181 illae
2384 3138 2506 3182 usu
2539 3132 2607 3180 et
2640 3116 3045 3200 experientia
3076 3114 3333 3180 consul-

1841 3215 2052 3298 tisque
2104 3220 2358 3295 numis,
2420 3219 2611 3281 citius
2645 3217 3086 3303 solidiusque,
3140 3226 3332 3303 quam

1840 3318 2213 3401 praeceptis
2259 3318 2614 3393 discuntur.
2703 3319 3012 3382 Ceterum
3055 3320 3167 3403 qui
3205 3319 3332 3381 hoc

1842 3421 1908 3480 iu
1944 3432 2328 3500 argumento
2366 3418 2555 3479 latius
2600 3420 2833 3482 instrui
2867 3422 3084 3504 cupit,
3142 3418 3335 3483 adeat

1849 3538 2010 3605 opus
2036 3521 2160 3581 cel.
2191 3520 2410 3582 Caroli
2447 3520 2532 3582 du
2551 3516 2804 3584 Fresne
2841 3522 2925 3585 D.
2964 3520 3053 3597 du
3090 3522 3334 3601 Gange,

1847 3640 1930 3682 ex
1964 3639 2092 3702 quo
2127 3622 2467 3706 plerique,
2514 3619 2826 3706 quidquid
2863 3620 3163 3703 adhujus
3189 3618 3335 3682 aevi

1842 3706 2170 3784 monetam
2200 3723 2514 3809 pertinet,
2566 3724 2843 3786 hausere
2869 3766 2887 3798 ,
2934 3734 3001 3784 et
3031 3719 3207 3805 quod
3240 3720 3342 3782 in-

1844 3824 2152 3888 scribitur
2170 3844 2190 3885 :
2230 3831 2310 3888 de
2339 3829 2790 3905 imperatorum
2815 3827 3337 3905 Constantt’nopo·
3393 3845 3400 3851 ·

1844 3926 2223 4001 manorum,
2268 3949 2379 3989 seu
2395 3929 2729 4007 Inferioris
2757 3928 2907 3989 aevi
2936 3927 3337 3988 numismati-

1845 4029 1961 4123 ous
1994 4030 2384 4090 dissertatio.

1971 4130 2312 4191 Materiam
2359 4149 2655 4203 omnem,
2700 4145 2891 4211 quam
2939 4124 3336 4188 tractandam
3466 4188 3472 4195 ,

1842 4220 2137 4312 suscepi,
2224 4230 2648 4315 sequentibus
2710 4228 3000 4291 articulis
3046 4225 3336 4310 comple-

1883 4344 1904 4389 t
1955 4348 2023 4391 r:

1844 4351 1878 4393 c
1910 4350 2021 4506 o§.
2055 4433 2107 4519 1.
2155 4430 2237 4495 de
2274 4428 2670 4506 nominibus,
2717 4444 2800 4492 ac'
2824 4424 3025 4492 titulis
3053 4428 3332 4526 impera·

1838 4545 2076 4596 torum.
3191 4546 3198 4551 ·

1904 4743 1973 4817 b>
2015 4741 2170 4803 ibid.

1992 4888 1995 4891 .
2672 4833 2927 4896 Rrra

1732 5228 2211 5340 ᾖμΜΟιΕΑΦ

1769 5351 2117 5400 Oxr-'ORD

1755 5441 2138 5519 Mose-ml*
