4388 5576
1052 604 1207 678 AD
1276 602 1850 682 VOLVMEN
1918 604 2476 682 TERTIVM.

248 771 416 839 nelle
458 774 802 839 addizz'oni
841 775 916 837 αἱ
959 776 1409 856 Commentarj
1446 777 1580 840 alle
1624 777 1727 840 St-

248 875 487 939 ciliane
524 877 875 961 Medaglt'e
916 889 1243 960 stampate
1286 880 1363 942 in
1382 879 1536 966 fine
1572 879 1727 944 adl·

245 993 435 1056 opera
471 978 790 1043 »Sicula«
828 981 903 1043 di
932 980 1259 1043 Dorville.

371 1080 677 1143 Palermo
720 1080 795 1145 23
828 1081 1096 1166 Agosto
1138 1080 1320 1164 2768.

600 1200 800 1256 Divot.
837 1198 917 1258 ed
949 1198 1115 1256 Obb.
1149 1198 1477 1271 Servitore,

345 1287 737 1353 Gabriele
778 1291 1273 1352 Lancilotto
1328 1290 1729 1370 CasteIIO,

569 1390 879 1474 Principe
916 1390 984 1452 di
1018 1388 1489 1454 Torremuzza.

700 1603 773 1666 P.
803 1603 949 1679 452.
989 1600 1116 1666 col.
1142 1612 1205 1664 ἰ.

358 1735 515 1803 Vidi
569 1737 813 1815 serius,
875 1739 943 1800 in
1001 1738 1231 1802 eadem
1275 1758 1532 1802 mecum
1576 1760 1721 1803 sen-

233 1840 430 1904 tentia
471 1839 669 1904 fuisse
703 1842 1258 1924 Wesselingium,
1319 1842 1438 1904 sed
1480 1843 1590 1926 qui
1627 1842 1719 1907 vi-

231 1944 387 2004 tium
433 1963 564 2004 non
595 1941 906 2008 barbarae
935 1943 1311 2021 Graecitati,
1346 1942 1463 2006 sed
1497 1943 1720 2006 incon-

229 2045 400 2107 sulto
430 2043 821 2127 descriptori
849 2045 1094 2123 tribuit,
1136 2065 1283 2108 cum
1316 2044 1487 2107 haud
1520 2043 1718 2109 dubie

233 2146 300 2206 in
351 2155 677 2209 marm'ore
727 2147 1041 2229 scriptum
1094 2147 1207 2208 sit:
1259 2144 1392 2212 ΕΞ.
1436 2142 1719 2208 ΕΝΚΕ-

227 2242 731 2314 ΛΕΤΣΕΩΣ.
789 2248 904 2332 (ad
950 2248 1287 2313 Hieroclis
1324 2246 1716 2331 Syuecdem.

226 2351 488 2433 μνη»)

711 2538 787 2601 Ρ.
811 2533 959 2618 498.
1006 2537 1132 2602 col.
1168 2553 1229 2602 α.

349 2670 578 2734 Numis
626 2671 915 2750 Tiberii,
968 2685 1037 2737 et
1076 2674 1279 2738 Iuliae
1325 2671 1716 2739 inserendus

221 2793 540 2858 sequens:

344 2875 520 2940 TIB.
560 2875 747 2941 ΚΑΙ.
782 2874 864 2944 A.
909 2881 1093 2941 intra
1124 2899 1464 2944 coronam.
1518 2874 1713 2942 101·-

213 2971 413 3042 AIA.
445 2980 528 3043 1..
574 2973 651 3039 Δ.
693 2981 951 3042 Romus.
966 2983 1253 3061 palmae.
1288 2982 1432 3045 AE.
1466 2983 1579 3047 111.

340 3080 624 3145 Numam
647 3077 821 3143 hunc
852 3082 1139 3162 vulgavit
1176 3081 1262 3145 cl.
1289 3081 1712 3146 Sanclemen·

211 3179 365 3244 tius.
418 3179 534 3263 (de
585 3199 737 3243 aera
782 3181 959 3264 vulg.
995 3203 1059 3262 p.
1094 3181 1273 3256 330.)
1320 3184 1393 3243 In
1426 3182 1620 3246 litera
1651 3185 1710 3246 A

211 3281 420 3365 partis
456 3281 705 3345 auticae
742 3301 978 3343 annum
1011 3283 1303 3365 epochae
1339 3284 1537 3349 videt.
1575 3287 1713 3347 Ma·

208 3383 331 3445 lim
365 3404 444 3447 ea
464 3383 739 3448 indicari
775 3382 1200 3451 vocabulum=
1241 3382 1666 3467 Αυτοκρατωρ.

472 3595 549 3657 Ρ.
572 3592 724 3657 5ιο.
783 3593 908 3657 col.
928 3609 989 3658 2.
1013 3604 1170 3676 post
1199 3592 1322 3657 lin.
1342 3591 1444 3657 35.

344 3730 529 3823 Quae
575 3731 704 3794 hoc
750 3730 899 3794 loco
947 3729 1495 3814 praecipientibus
1546 3728 1704 3794 artis

207 3848 480 3898 nostrae
514 3830 722 3897 causis
762 3845 1005 3894 tantum
1053 3831 1524 3910 divinaveram,
1590 3853 1706 3897 ve-

204 3937 471 4001 rissima
524 3932 787 3997 tandem
836 3948 989 3996 sunt
1036 3947 1392 4017 comperta.
1454 3936 1702 3998 Numus

199 4037 320 4103 hic
353 4060 480 4103 una
518 4059 665 4102 cum
698 4036 842 4100 aliis
882 4038 1094 4099 musei
1123 4037 1369 4100 Osman
1397 4038 1538 4118 Bey
1570 4056 1706 4099 ser·

196 4156 401 4204 vatur
437 4160 611 4203 nunc
643 4139 957 4222 Smyrnae
992 4138 1061 4200 in
1089 4159 1317 4201 museo
1354 4138 1438 4204 cl.
1478 4139 1704 4202 Consi-

194 4244 403 4321 nerii,
438 4257 567 4326 quo
599 4257 866 4307 auctore
897 4243 1217 4326 comperi,
1254 4262 1400 4305 esse
1428 4263 1575 4304 eum
1615 4264 1702 4307 ex

196 4365 443 4410 eorum
486 4364 795 4420 numero,
852 4346 963 4429 qui
1001 4344 1381 4430 frequentes
1422 4365 1505 4407 ex
1543 4363 1699 4410 aere

104 4527 119 4531 -
198 4451 294 4511 11.
332 4446 583 4510 formae
616 4465 763 4508 cum
793 4447 1003 4529 capite
1039 4447 1299 4532 Trajani
1333 4460 1401 4510 et
1425 4446 1699 4510 Hadria-

194 4554 275 4615 ni
326 4548 711 4635 Laodiceae·
742 4547 967 4630 Syriae
998 4548 1230 4631 signati
1255 4560 1432 4625 sunt,
1480 4566 1556 4613 ac
1584 4549 1698 4613 de-

189 4655 404 4738 nique
436 4649 878 4735 maligna‚scal
887 4647 991 4733 pri
1026 4662 1162 4712 arte
1193 4649 1593 4714 Gordianum
1623 4667 1693 4717 et

188 4755 523 4819 Edessam
578 4751 938 4835 recepisse.
1023 4752 1127 4813 En
1184 4753 1248 4813 in
1293 4753 1468 4837 quod
1512 4776 1693 4818 mon.

186 4873 409 4924 strum
460 4877 692 4918 numus
726 4852 867 4928 hic,
918 4875 1110 4940 quem
1157 4855 1474 4921 Sestinius
1500 4881 1693 4943 prae-

3244 628 3339 700 45

1822 780 2331 841 'stanttssimum
2409 776 2719 843 adserere
2793 799 2926 845 non
2990 779 3333 863 dubitavit,

1843 876 2127 962 denique
2154 877 2427 975 desinat.

2203 1085 2449 1164 3514.
2483 1084 2610 1150 col.
2637 1098 2699 1151 2.
2728 1086 2846 1151 lin.
2879 1084 2982 1151 3ο.

1973 1217 2166 1284 Addo
2211 1242 2498 1286 marmor
2545 1221 2673 1287 huc
2717 1223 3088 1307 pertinens,
3159 1227 3337 1310 quod

1843 1320 2073 1402 reperi
2129 1322 2198 1382 in
2252 1322 2604 1405 Opusculis
2663 1324 3082 1407 Calogerauis
3141 1330 3332 1393 Tom.

1824 1421 2018 1497 XIX.
2057 1444 2122 1506 p.
2146 1426 2240 1500 15,
2275 1444 2336 1504 q,
2372 1424 2750 1487 translatum
2789 1424 2856 1486 in
2890 1447 3185 1491 museum
3213 1430 3336 1513 ‘Ca-

1826 1522 2230 1605 ,pitolinumz

2125 1648 2214 1712 D.
2259 1650 2350 1714 M.
2711 1600 3276 1719 ORRHENonv

2073 1749 2376 1811 ABG-AR
2833 1752 3154 1815 nonna
3255 1760 3256 1763 ‘

1988 1850 2464 1916 PRAHATES
2633 1852 3054 1921 ·CON1VG1.
3091 1857 3330 1917 BENE

1960 1952 2266 2019 F1L1vs.
2311 1953 2495 2016 REX
2663 1957 3087 2023 MERENTI.
3132 1958 3324 2022 FEC.

2022 2055 2479 2141 rmmcu’ffi,

2176 2267 2255 2332 P.
2276 2262 2432 2331 556.
2472 2264 2595 2328 cot.
2638 2285 2690 2330 ι.
2737 2266 2857 2329 lin.
2877 2238 2987 2331 ³10.

1830 2402 1839 2407 ’
1957 2405 2119 2468 Post
2148 2403 2491 2465 molestam
2522 2403 2705 2486 longi
2733 2405 3047 2487 temporis
3076 2427 3328 2469 moram
3357 2433 3375 2446 ³

1833 2506 2059 2587 accepi
2112 2504 2398 2587 denique
2452 2505 2782 2567 laudatum
2831 2507 3141 2579 continuo
3197 2510 3327 2571 Sil-

1832 2598 2041 2669 vestn'
2084 2608 2164 2667 de
2197 2606 2374 2689 Sacy
2424 2626 2609 2689 opus.
2671 2607 2892 2671 Offert
2949 2608 3116 2668 illud
3170 2607 3323 2670 inde

1832 2728 1869 2769 a
1934 2708 2166 2794 pagina
2220 2709 2336 2770 166
2399 2707 2923 2773 dissertationem
2976 2709 3061 2774 de
3110 2712 3322 2772 numis

1826 2830 2061 2894 regum
2105 2811 2377 2898 Persiae
2443 2831 2528 2874 ex
2587 2826 2783 2896 gente
2837 2812 3323 2890 Sasauidarum,

1825 2933 2105 2998 quorum
2137 2905 2422 2998 primus,
2456 2913 2667 2977 dictus
2705 2939 2740 2978 a
2772 2914 2904 2978 suis
2932 2918 3321 2998 Ardescln‘r,

1824 3014 1861 3078 'a
1918 3018 2349 3101 scriptoribus
2394 3016 2663 3081 Graecis
2713 3019 3153 3096 Amometus,
3211 3019 3323 3082 vel

1824 3119 2294 3196 Artaxerxes,
2362 3118 2724 3201 imperante
2787 3118 3162 3181 Alexandro
3208 3121 3326 3183 Se·

1823 3237 2008 3295 vero,
2061 3219 2289 3295 armis,
2335 3231 2405 3279 et
2440 3219 2641 3280 caede
2671 3217 2981 3280 Artabani
3013 3221 3319 3285 Parthiae

1823 3317 2025 3400 regis,
2061 3331 2126 3381 et
2153 3319 2468 3402 postremi
2502 3340 2583 3382 ex
2618 3333 2813 3402 gente
2831 3321 3315 3400 Arsacidarum,

1822 3417 2080 3484 illustre
2099 3421 2265 3482 illud
2284 3423 2677 3484 Parthorum
2710 3441 2987 3504 regnum
3018 3423 3140 3484 sibi
3159 3426 3319 3486 Per·

1820 3523 2040 3608 sisque
2086 3523 2218 3585 suis
2262 3524 2564 3586 restituit.
2627 3523 2811 3614 Quae
2854 3524 3117 3610 quidem
3149 3545 3318 3589 nova

1819 3626 2027 3710 stirps'
2075 3647 2210 3688 non
2258 3626 2497 3702 minus,
2553 3648 2744 3712 quam
2788 3625 3128 3690 deturbata
3165 3651 3319 3712 pro·-

1820 3727 1996 3791 xime
2032 3727 2522 3806 Arsacidarum,
2566 3732 2860 3792 Romano
2895 3729 3141 3790 nomini
3172 3751 3316 3814 gra-

1818 3833 1918 3895 'vis
1958 3830 2322 3916 infestaque
2372 3831 2656 3905 exstitit,
2706 3831 3041 3915 perpetuis
3076 3833 3315 3894 Roma-

1816 3953 1938 3996 nos
1988 3933 2163 3997 inter
2206 3936 2572 4020 Persasque
2631 3933 2960 3997 bellorum
3006 3932 3311 3997 feralium

1816 4055 2045 4100 causis.
3115 4059 3118 4064 ’

1814 4131 1835 4140 ’
1941 4137 2219 4201 Duravit
2277 4137 2440 4201 haec
2500 4138 2953 4202 Sasanidarum
3014 4139 3307 4222 dynastia

1813 4260 2021 4324 usque
2072 4239 2153 4303 ad
2199 4263 2435 4304 annum
2463 4242 2540 4305 P.
2571 4242 2656 4306 X.
2685 4241 2798 4304 651
2820 4286 2838 4318 ,
2890 4260 3017 4324 quo
3051 4241 3309 4303 irruen-

1812 4356 1913 4405 tes
1948 4343 2200 4407 Arabes
2240 4358 2499 4427 captum
2527 4346 2896 4406 Turcorum
2929 4342 3302 4427 proditione

1810 4445 2290 4529 Iezdegerdem
2340 4461 2554 4509 morte
2606 4446 3025 4521 adfecerunt,
3098 4447 3320 4536 omni·-¹

1812 4568 1940 4632 que
1988 4539 2216 4612 Persia
2254 4548 2442 4633 potiti
2473 4563 2642 4614 sunt.
2691 4548 2981 4632 (Gibbon
3022 4549 3193 4614 Hist.
3232 4549 3309 4613 of

1808 4645 1923 4712 tbe
1954 4648 2214 4714 decline
2250 4665 2375 4718 etc.
2405 4652 2590 4735 chap.
2621 4655 2758 4731 51.)

1931 4755 2080 4817 Hoc
2134 4753 2203 4815 in
2258 4775 2376 4818 suo
2433 4775 2637 4838 opere
2695 4753 2777 4816 cl.
2836 4754 3077 4836 Sacyus
3132 4753 3297 4817 nihil

1804 4854 1980 4920 aliud
2010 4857 2133 4921 sibi
2170 4857 2551 4943 proposuit&
2592 4879 2779 4941 quam
2815 4872 2885 4920 ut
2927 4857 3297 4940 inscriptio·
