4388 5576
1001 482 1153 558 DE
1226 416 1953 604 TIiIBVNITiA
2019 475 2768 551 POTESTATE.

340 670 484 734 ΤΒ.
528 661 731 730 ΡΟΤ.
778 666 957 746 ΙΙΙΙ.,
1020 685 1103 728 ex
1166 684 1297 750 quo
1361 663 1622 750 duplice
1684 662 1835 726 cha-

337 784 598 834 ractere
631 770 748 831 ille
787 788 917 830 non
950 780 1166 851 potest
1206 787 1353 829 esse
1390 767 1537 828 anni
1568 786 1835 849 praece-

341 873 562 937 dentis
598 890 755 954 79⁶2,
803 870 948 956 quia
980 885 1117 934 tum
1154 869 1449 952 Caligula
1489 871 1611 932 fuit
1645 867 1834 929 COS.

342 978 464 1053 11„
525 975 634 1036 hic
681 959 828 1036 esse
872 993 1005 1036 non
1048 986 1267 1058 potest
1309 969 1459 1032 anni
1503 971 1835 1054 sequentis

344 1089 504 1163 794,
563 1077 713 1160 quia
756 1088 891 1136 tum
937 1074 1061 1136 fuit
1103 1074 1297 1137 COS.
1341 1075 1455 1138 lv.
1540 1074 1737 1158 Atqui
1782 1070 1838 1133 si

341 1180 707 1242 tribunatus
749 1187 1065 1240 statuatur
1102 1177 1251 1240 Kal.
1294 1178 1424 1238 Ian.
1464 1188 1836 1248 renovatus,

343 1281 607 1345 labente
652 1276 892 1343 eodem
936 1258 1111 1338 anno'
1144 1276 1391 1338 Iuliano
1437 1276 1679 1359 duplex
1725 1273 1839 1334 tri-

342 1382 617 1445 bunatus
652 1398 1013 1446 occurrere
1055 1381 1302 1461 nequit.
1392 1378 1525 1438 Sed
1560 1393 1627 1439 et
1661 1380 1838 1438 Maz-

346 1485 591 1549 zoleni
605 1480 924 1544 sententia
963 1502 999 1542 a
1036 1480 1355 1567 similibus
1397 1479 1608 1540 numis
1650 1479 1841 1564 plane

346 1588 705 1657 evertitur3
764 1604 913 1645 nam
970 1595 1039 1645 ut
1098 1583 1274 1645 solos
1337 1581 1673 1664 Caligulae
1728 1601 1844 1639 nu·

343 1709 487 1752 mos
545 1705 943 1762 memorem,
1010 1685 1074 1747 ei
1117 1683 1545 1745 adversantur
1588 1703 1838 1759 omnes,

347 1791 461 1874 qui
504 1786 948 1851 inscribuntur
999 1788 1139 1848 ἸΒ.
1184 1786 1259 1849 Ρ.
1304 1788 1414 1847 111.
1460 1784 1650 1848 COS.
1695 1785 1841 1858 111.‚

276 1905 279 1908 '
347 1894 458 1976 qui
527 1890 658 1953 duo
720 1892 1134 1952 characteres
1202 1887 1268 1947 in
1341 1888 1483 1970 ejus
1544 1885 1841 1950 doctrina

345 2007 519 2057 stare
585 1991 778 2055 simul
836 2012 969 2054 non
1031 2002 1332 2072 possunt,
1395 2003 1530 2051 tum
1588 2001 1655 2050 et
1699 1989 1838 2048 ΤΒ.

341 2095 423 2175 P.
476 2096 619 2158 1111.
681 2092 871 2157 cos.
926 2074 1103 2164 1111'.‚
1166 2111 1343 2166 nam,
1404 2110 1552 2152 cum
1611 2088 1840 2152 consul

344 2198 460 2265 IV.
491 2194 956 2280 processisset,
992 2191 1348 2253 secundum
1377 2193 1839 2253 Mazzolenum

342 2298 472 2379 ,jam
512 2291 867 2360 mmersre
913 2293 1232 2357 debuerat
1276 2294 1675 2357 tribunatum
1715 2295 1839 2371 V.‚

345 2420 542 2487 quem
602 2413 821 2462 tamen
866 2395 934 2455 in
990 2411 1218 2460 vetere
1264 2398 1569 2486 quopiam
1616 2417 1841 2459 monu-

343 2514 574 2564 mento
629 2499 971 2580 Caligulae
1028 2499 1340 2560 tributum
1396 2499 1689 2559 nondum
1752 2499 1842 2560 vi-

349 2602 585 2666 dimus.
670 2597 929 2663 Eodem
984 2598 1182 2662 modo
1242 2601 1452 2664 virum
1512 2599 1843 2661 eruditum

347 2706 730 2787 impugnant
793 2701 975 2763 numi
1049 2699 1332 2778 Claudii,
1404 2716 1472 2764 et
1533 2702 1840 2764 Neronis.

345 2811 494 2872 Non
553 2807 867 2891 sugerunt
918 2805 1289 2887 hiffscopuli
1326 2806 1543 2870 >virum
1588 2803 1844 2892 perspi·-

348 2896 617 2985 cacem,
652 2922 717 2971 et
753 2921 854 2969 est
879 2906 1117 2988 volupe
1151 2906 1412 2990 ridere,
1458 2907 1692 2996 quibus
1726 2928 1842 2969 eos

347 3010 591 3076 artibus
673 3009 1000 3074 vitaverit.
1090 3008 1471 3071 Occurrunt
1552 3010 1841 3091 quidem,

347 3114 433 3173 ait
464 3110 777 3192 primum,
821 3109 888 3169 in
922 3108 1017 3169 eis
1055 3114 1306 3190 aliquot
1339 3109 1557 3183 numi,
1600 3110 1669 3169 'in
1705 3109 1845 3190 qui-

348 3212 471 3272 bus
516 3210 889 3273 consulatus
948 3227 1094 3268 eum
1154 3207 1305 3272 trib.
1349 3221 1674 3293 potestate
1730 3229 1845 3270 no·

351 3326 488 3375 stro
548 3310 744 3372 modo
805 3322 1171 3389 computata
1230 3328 1362 3368 non
1419 3307 1841 3373 concordant.

278 3416 291 3417 ’
353 3413 611 3476 Siccine
668 3410 771 3473 vir
828 3408 1037 3483 bone,
1097 3428 1326 3471 numos
1368 3416 1619 3494 aliquot
1661 3409 1843 3484 dicis,

351 3515 462 3599 q-ui
498 3514 572 3574 in
620 3510 919 3573 omnibus
982 3511 1225 3572 museis
1287 3530 1520 3592 magno
1565 3531 1842 3573 numere
1892 3503 1899 3511 ⁶

350 3612 723 3678 habent-ur?
779 3613 945 3687 Vel,
990 3610 1233 3695 inquit,
1275 3612 1648 3693 hujusmodi
1693 3632 1845 3674 con-

350 3717 595 3780 sulatus
640 3711 734 3777 sic
780 3711 1096 3801 explicari
1138 3727 1452 3797 possunt,
1513 3727 1585 3777 ut
1628 3712 1844 3776 dican·

349 3832 459 3881 tur
508 3818 845 3898 designati
909 3829 1189 3891 tantum,
1256 3835 1391 3878 non
1450 3836 1616 3879 ’vero
1678 3815 1842 3889 initi,

350 3921 525 4005 quod
586 3920 850 4002 quidem
913 3917 1230 3998 effugium
1296 3937 1491 4000 saepe
1551 3918 1845 3992 arcessit,

349 4037 414 4111 at
475 4044 666 4107 quam
728 4022 812 4083 sit
871 4019 1369 4101 inauspicatum,
1410 4018 1606 4081 facile
1649 4019 1845 4082 iutel-

353 4125 633 4209 ligimus.
722 4123 881 4195 Ve'l,
948 4122 1195 4204 inquit,
1252 4140 1403 4182 cusa
1459 4120 1645 4183 credi
1698 4116 1845 4205 po‘s·

350 4222 502 4287 sunt
548 4225 785 4287 similia
836 4222 1217 4285 numismata
1265 4223 1344 4284 ab
1383 4222 1499 4299 iis,
1540 4222 1654 4307 qui
1696 4223 1845 4285 trib.

349 4325 816 4404 imperatorum
875 4338 1264 4406 potestatem
1317 4325 1425 4389 die
1477 4326 1847 4390 anniversa·

351 4426 456 4487 rio
540 4425 960 4488 renovabant.
1067 4427 1324 4508 Papae!
1415 4428 1843 4504 commodam,

347 4539 546 4609 atque
590 4526 876 4589 habilem
920 4529 1345 4605 sent-entiam,
1409 4549 1570 4613 quae
1615 4529 1685 4594 e't
1727 4532 1847 4592 ini-

3291 496 3433 565 ὶιΟῖ

1948 631 2318 724 micissimis
2363 657 2556 723 facile
2601 657 2955 742 hospitium
2999 660 3310 742 praebet,
3372 640 3443 727 et

1949 763 2271 845 Aristippi
2331 781 2515 823 more
2559 762 2688 843 jam
2750 762 3025 847 prandet
3068 764 3247 840 olus,
3311 768 3440 846 jam

1951 865 2258 942 fastidit,
2295 884 2424 946 quo
2485 885 2638 926 sane
2694 851 2896 950 pacto'
2934 885 3121 948 quam
3168 867 3251 928 sit
3293 891 3445 950 pro-

1952 970 2161 1045 clive,
2225 965 2401 1052 quod
2455 965 2725 1028 arduum
2789 986 3052 1048 semper
3112 983 3212 1030 est
3268 970 3448 1033 babi-

1952 1086 2128 1148 tum,
2176 1084 2436 1133 struere
2472 1057 2808 1131 doctrinae
2843 1070 3198 1150 cujuspiam
3237 1073 3446 1159 leges,

1953 1196 2234 1257 pronum
2317 1185 2418 1233 est
2495 1173 2901 1257 perspicere.
2987 1169 3450 1243 stomachatur

1951 1276 2383 1337 Mazzolenus
2409 1276 2837 1352 sententiam,
2884 1295 3048 1359 quae
3087 1277 3195 1338 die
3234 1301 3452 1342 susce-

1953 1380 2103 1459 ptae
2164 1375 2318 1437 trib.
2361 1377 2699 1458 potestatis
2762 1398 2904 1438 eam
2965 1378 3263 1441 iteratam
3327 1396 3451 1443 sta·

1957 1479 2121 1555 t'uit,
2168 1477 2276 1539 cui
2314 1489 2532 1537 tamen
2576 1477 2753 1536 numi
2800 1497 3066 1554 omnes,
3112 1494 3180 1540 et
3226 1503 3452 1548 monn-

1957 1594 2177 1643 menta
2223 1591 2441 1640 certae
2475 1576 2633 1639 fidei
2670 1579 2861 1640 facile
2900 1575 3047 1650 sese
3079 1581 3455 1648 adcommo-

1957 1681 2148 1756 dant,
2197 1693 2265 1742 et
2309 1675 2616 1762 importat
2659 1679 2885 1756 aliam,
2933 1681 3037 1743 cui
3084 1688 3296 1746 omnia
3342 1687 3452 1747 ad-

1926 1774 2322 1846 -versanttin
2409 1780 2670 1843 Etenim
2730 1783 2796 1843 in
2857 1779 3061 1846 tribus
3107 1787 3206 1848 his
3249 1788 3456 1871 impe*

1953 1871 2288 1948 ratoribus'
2344 1883 2596 1944 nullum
2665 1886 2919 1966 reperit
2970 1903 3215 1966 ‚causae
3292 1912 3449 1954 suae

1955 1986 2284 2051 faventem
2355 2006 2654 2061 numum,
2734 2000 2801 2047 et
2857 1990 3120 2051 nonnisi
3180 1992 3451 2056 unicum

1956 2095 2278 2163 marmor,
2309 2089 2615 2175 nimirum
2650 2090 3140 2174 inscriptionem
3176 2092 3453 2157 fratrum

1954 2192 2336 2265 Arvalium,
2398 2212 2564 2274 quae
2616 2206 2714 2255 est
2759 2194 2932 2275 apud
2978 2193 3335 2256 Gruterum
3369 2198 3449 2276 Ι),

1955 2292 2022 2354 in
2069 2314 2190 2375 qua
2238 2294 2417 2354 Nero
2459 2295 2609 2356 Kal.
2651 2298 2781 2357 lan.
2820 2296 2905 2359 V.
2937 2295 3010 2356 C.
3047 2295 3172 2358 813
3212 2296 3454 2361 dicitur
3583 2355 3586 2358 ,

1959 2389 3107 2472 TRIB.POT.VII.COS.1V.‚
3170 2418 3320 2461 cum
3363 2414 3454 2464 ta-

1956 2518 2107 2558 men
2156 2497 2220 2557 in
2267 2496 2539 2560 adversa
2577 2498 2906 2572 sententia
2951 2500 3076 2561 hoc
3121 2498 3228 2561 die
3276 2516 3451 2564 esset

1959 2598 2595 2666 1R13.1²OT.V1.
2684 2600 2817 2663 Sed
2880 2613 2948 2664 et
3004 2599 3276 2665 imbelle
3329 2603 3450 2692 hie

1955 2700 2120 2783 lapis
2162 2699 2448 2763 fulcrum
2477 2701 2789 2786 praebet.
2877 2702 3253 2782 Secundum
3296 2704 3452 2770 alla·

1955 2818 2084 2868 tam
2128 2804 2198 2864 in
2243 2805 2788 2885 praecedentibus
2829 2804 3125 2887 regulam
3174 2807 3258 2869 ob
3307 2818 3452 2872 cau-

1955 2927 2056 2968 sas
2100 2904 2193 2966 ibi
2241 2922 2627 2971 memoratas
2688 2926 2817 2969 non
2880 2906 3452 2973 facile'audienda

1956 3020 2106 3069 sunt
2136 3002 2469 3071 m'armora'
2488 3009 2871 3090 singularia,
2917 3004 3269 3093 praecipue
3304 3033 3455 3075 oum
3506 3086 3510 3091 ,

1957 3107 2291 3170 diversum
2319 3132 2360 3171 *a
2392 3108 2606 3172 numia
2642 3111 2900 3175 docent.
2976 3112 3452 3195 Praeterquam

1954 3198 2151 3291 quod·
2171 3208 2245 3268 in
2285 3210 2411 3272 boc
2453 3210 2669 3296 lapide
2706 3213 2879 3273 idem
2920 3214 3177 3287 evenit,
3227 3213 3456 3276 licebit

1956 3306 2150 3368 nobis
2212 3313 2563 3392 suspicari,
2633 3314 2854 3395 inique
2917 3315 2986 3374 in
3061 3333 3141 3375 eo
3202 3312 3453 3377 lectum

1961 3409 2189 3472 Tmss.
2235 3409 2438 3472 ΡΟΤ.
2487 3414 2628 3477 Vll.
2671 3436 2796 3495 pro
2843 3416 2993 3489 VL,
3038 3412 3187 3496 quia
3231 3416 3297 3474 in
3346 3434 3455 3476 eo-

1959 3507 2108 3570 dem
2155 3532 2485 3602 marmore
2520 3512 2587 3572 in
2630 3513 2915 3593 legendo
2956 3535 3214 3597 quoque
3250 3515 3457 3598 impe·

1957 3611 2042 3674 rii
2086 3632 2365 3687 numero
2421 3615 2630 3675 semel
2691 3630 2791 3677 est
2845 3631 3203 3700 peccatum.
3290 3619 3456 3679 Nam

1962 3713 2105 3797 ejus
2147 3714 2375 3798 priore
2419 3715 2571 3778 loco
2614 3717 2793 3778 Nero
2837 3718 3153 3780 Kalendis
3199 3723 3331 3782 Ian.
3370 3724 3449 3785 V.

1962 3817 2051 3879 C.'
2079 3816 2216 3895 813⁴
2255 3816 2495 3880 dicitur
2538 3819 2716 3885 IMP.
2767 3821 2918 3897 111.‚
2982 3833 3052 3884 et
3094 3821 3315 3904 paullo
3360 3822 3455 3882 in-

1961 3916 2061 3979 fra
2106 3918 2203 4009 'ad
2268 3922 2380 3982 111.
2468 3921 2688 3983 Nonas
2747 3924 2879 3984 Ian.
2945 3924 3238 4004 ejusdem
3301 3925 3455 3987 anni

1958 4018 2162 4081 ῙΜΡ.’
2218 4020 2362 4085 VH.
2446 4025 2683 4091 Vtrum
2769 4038 2984 4086 autem
3071 4027 3456 4103 verisimile,

1960 4122 2297 4184 Neronem
2348 4122 2516 4185 intra
2562 4123 2827 4189 biduum
2865 4146 2951 4188 ex
2985 4128 3160 4192 ῙΜΡ.
3205 4131 3314 4193 ΙΙΙ.
3362 4129 3457 4190 di-

1961 4227 2139 4287 ctum
2184 4226 2359 4287 ῙΜΡ.
2408 4225 2600 4293 V11.‘.>
2664 4227 2854 4309 Ergo'
2891 4227 2946 4287 si
2991 4229 3200 4291 errari
3241 4231 3457 4313 potuit

1961 4326 2028 4388 in
2060 4327 2451 4411 scalpendo,
2499 4326 2604 4390 vel
2646 4327 2933 4411 legendo
2973 4350 3106 4392 uno
3150 4316 3480 4404 numero,

1961 4428 2294 4510 potuit,et
2352 4430 2419 4490 in
2477 4429 2706 4493 altero.
2796 4430 2904 4492 Sic
2948 4431 3453 4515 argumentabar

1963 4529 2311 4607 hactenus,
2354 4550 2504 4594 cum
2549 4530 2761 4595 solum
2798 4531 3069 4596 Gruteri
3112 4536 3450 4617 exemplar

369 4665 3426 4703 m

416 4738 487 4805 aa)
526 4734 663 4809 Pag.
708 4745 828 4799 113·
865 4796 873 4804 ³
