4388 5576
1258 507 1514 584 GAL.
1603 470 2391 582 mmmmm.
3293 526 3392 591 35

295 690 504 764 stantii
541 708 604 761 et
641 688 917 759 Galerii‘
948 654 1370 775 adoptionem
1423 690 1491 753 in
1533 712 1772 755 annum
1886 690 2059 753 rimo·
2084 688 2339 773 praelio
2355 686 2526 750 fudit
2555 685 2758 771 captis
2777 682 2957 769 regis
2981 685 3391 767 concubinis,

292 798 789 886 praecedentem
828 796 1196 858 retrahunt.
1285 791 1457 859 Vide
1508 796 1777 857 Masso-

291 905 498 967 lenum
531 905 610 986 ⁸).
675 897 824 990 Qua
863 897 1008 962 veri
1053 896 1277 980 specie
1312 894 1638 960 Eusebius
1666 895 1778 958 -bi-

292 1007 395 1068 nis
430 1002 684 1068 disertis
717 1001 885 1064 locis
917 997 983 1081 b)
1015 999 1241 1062 dicere
1279 999 1603 1081 potuerit,
1650 996 1777 1062 Ga-

1884 792 2159 870 liberis‚
2205 811 2281 857 ac
2326 789 2685 866 thesauris,
2731 803 3042 873 partaque
3088 806 3239 874 post
3272 812 3394 856 no·

1889 895 2210 959 bilissima
2253 912 2439 979 pace.
2533 892 2632 955 Ea
2693 892 2967 956 victoria
3013 907 3087 956 nt
3131 892 3395 978 imperii

1893 999 2093 1075 fines,
2154 1000 2244 1062 ita
2293 1012 2363 1061 et
2420 996 2690 1061 victoris
2751 995 3032 1058 nativam
3075 994 3396 1058 ferociam

291 1107 514 1170 lerium
544 1106 718 1170 bunc
752 1102 933 1164 inter
971 1116 1250 1185 quatuor
1284 1100 1407 1163 hos
1445 1099 1779 1183 principes
1878 1100 2076 1166 -auxit
2120 1101 2387 1165 sinistro
2430 1096 2695 1182 imperii
2737 1097 2911 1176 fato,
2973 1110 3046 1161 ut
3087 1117 3239 1163 mox
3285 1118 3396 1183 pa·

290 1223 508 1295 quarto
538 1207 740 1268 fuisse
787 1204 981 1285 loco,
1027 1204 1452 1287 prioremque
1489 1202 1782 1265 habitum
1897 1204 2087 1269 tebit.

288 1309 759 1385 Constantium,
840 1328 973 1369 uon
1030 1307 1184 1369 satis
1238 1304 1564 1386 intellige.
1656 1304 1780 1366 Cui

289 1431 417 1473 non
447 1411 737 1475 videatur
780 1408 1098 1491 dignitate
1136 1407 1542 1491 praestitisse
1585 1403 1782 1470 Gale·

289 1516 452 1592 rius,
511 1533 704 1598 quem
782 1509 1114 1594 adoptavit
1186 1508 1496 1592 princeps
1557 1511 1778 1593 Augu·

287 1630 524 1679 storum
599 1614 1113 1687 Diocletianus„
1172 1610 1255 1672 de
1318 1632 1391 1674 se
1454 1610 1618 1673 dixit
1674 1615 1778 1674 Io-

287 1722 482 1794 nium,
525 1715 651 1780 sibi
699 1715 975 1780 adscivit
1031 1727 1506 1798 generum‚ret
1550 1732 1776 1775 secum
1887 1714 1969 1773 B.

286 1816 638 1882 inOriente
668 1832 1045 1885 constanter
1063 1814 1325 1892 habuit,
1373 1835 1519 1878 cum
1556 1828 1773 1877 tamen
1891 1814 1964 1877 C.

285 1922 686 1985 Constantius
722 1921 959 1984 similia
991 1942 1103 1983 sua
1136 1918 1379 1979 decora
1406 1918 1665 1980 nonnisi
1692 1917 1773 1980 ab

285 2022 485 2086 altero
504 2025 802 2105 Augusto
827 2020 1147 2085 Herculio
1174 2003 1496 2082 traxerit?
1539 2020 1773 2082 Potior
1874 2012 1883 2018 '

284 2145 439 2209 ergo
474 2126 648 2188 visus
682 2123 973 2186 Eusebio
1018 2122 1433 2184 Constantius
1469 2142 1592 2204 per
1625 2143 1771 2185 cau-

283 2250 409 2291 sam
452 2225 836 2309 religionis,
881 2226 1031 2310 quia
1082 2225 1189 2289 hic
1244 2223 1628 2287 Christianis
1662 2223 1770 2286 ad-

280 2344 562 2392 versatus
610 2349 744 2390 non
802 2343 938 2405 est,
999 2342 1062 2389 at
1113 2326 1418 2389 Galerius
1465 2326 1767 2390 inimicus

278 2430 373 2491 illi
406 2432 614 2514 palam
656 2430 798 2496 fuit.
891 2430 991 2492 Ad
1042 2430 1204 2492 haec
1228 2432 1390 2527 ‘plus
1435 2427 1767 2510 dignitatis

280 2536 547 2596 accessit
593 2534 1023 2596 Constantino
1056 2535 1146 2596 M.
1172 2578 1189 2608 ‚
1235 2556 1430 2618 quern
1462 2536 1517 2597 is
1562 2535 1768 2597 laudi-

277 2634 394 2697 bus
429 2637 493 2696 in
513 2636 776 2699 coelum
814 2630 1076 2710 extulit,
1126 2637 1181 2697 si
1216 2637 1270 2700 is
1292 2638 1372 2700 ab
1404 2637 1764 2700 illustriore

281 2736 549 2803 Caesare
588 2749 774 2801 natus
819 2736 1182 2803 ferebatur.

277 2946 375 3005 Ab
423 2966 592 3007 anno
632 2950 709 3011 V.
746 2950 809 3007 C.
870 2952 1032 3007 1045
1070 2948 1140 3005 Ρ.
1174 2947 1257 3005 Χ.
1295 2952 1424 3010 292
1461 2951 1554 3007 ad
1589 2949 1662 3009 V.
1701 2951 1765 3008 C.

740 3055 901 3109 1057
937 3053 1010 3110 Ρ.
1048 3051 1130 3108 Χ.
1162 3055 1307 3109 304.

460 3152 838 3212 CAESAR.
886 3146 1161 3212 PRINC.
1205 3151 1567 3211 JVVENT.

392 3349 771 3416 Secundum
792 3349 1195 3433 propositam
1219 3350 1481 3433 imperii
1505 3350 1766 3416 divisio-
1844 3389 1857 3397 ⁴

276 3473 416 3517 nem
467 3452 738 3515 Galerio
777 3451 1061 3515 Thracia
1112 3466 1179 3515 et
1219 3451 1551 3535 Illyricum
1589 3476 1767 3517 com-

274 3559 566 3619 mittitur.
667 3558 753 3622 V.
819 3556 893 3617 C.
970 3557 1131 3618 1050
1188 3554 1603 3620 Diocletiano
1666 3559 1764 3641 ju-

272 3658 462 3723 hente
483 3659 562 3722 ad
573 3679 800 3722 versus
814 3658 1135 3719 Narseum
1157 3658 1507 3720 Persarum
1532 3680 1759 3744 regem

271 3764 608 3845 profectus
657 3780 889 3842 magna
937 3757 1018 3818 ab
1062 3759 1191 3820 hoc
1236 3759 1422 3823 clade
1462 3763 1765 3832 vincitur.

276 3864 677 3946 conceptum
723 3885 806 3925 ex
849 3862 1116 3925 sinistro
1173 3877 1415 3926 eventu
1460 3865 1763 3929 dolorem

275 3968 440 4030 auxit
470 3965 965 4041 Diocletianus,
1011 3983 1156 4026 cum
1206 3963 1289 4025 ad
1348 3987 1421 4030 se
1446 3968 1762 4033 reducem

274 4070 560 4150 graviter
604 4067 919 4151 &primum
998 4070 1449 4153 objurgatum,
1520 4069 1767 4150 deinde

275 4170 591 4234 Caesarea
639 4192 928 4254 purpura
972 4171 1270 4236 indutum
1305 4174 1487 4236 mille
1535 4194 1761 4256 passus

275 4293 530 4336 currum
562 4293 748 4335 suum
780 4273 1056 4357 pedibus
1094 4276 1517 4360 sequijussit.
1563 4275 1765 4371 Quod

276 4373 384 4438 ille
428 4376 721 4439 dedecus
767 4397 898 4439 non
958 4376 1185 4439 ferens
1245 4379 1533 4442 collecto
1589 4399 1762 4444 novo

2635 1302 2674 1341 a

2468 1349 2508 1388 a
2704 1357 2710 1363 ·
2800 1351 2840 1387 a

1892 1409 1975 1474 A.
2177 1406 2765 1473 maxnmANVS.
2788 1405 3031 1469 CAES.
3063 1410 3171 1471 001
3193 1404 3395 1489 CAE-

2181 1511 2374 1573 SAR.
2408 1511 2515 1571 vel
2552 1509 2640 1571 N.
2670 1508 2743 1571 C.
2791 1513 2896 1572 vel
2938 1506 3140 1570 NOB.
3184 1507 3259 1571 C.
3290 1510 3399 1570 001

2177 1611 2384 1675 NOB.
2419 1610 2782 1675 CAESAR.
2817 1614 2926 1674 vel
2948 1615 3270 1674 similiter.

2176 1712 2374 1777 GAL.
2410 1713 2995 1780 MAxmlANVS.
3029 1712 3277 1776 CAES.

2171 1813 2267 1879 G.
2311 1819 2419 1878 vel
2470 1814 2668 1878 GAL.
2731 1810 3390 1881 VAL.MAx1M1A-

2176 1917 2371 1984 NVS.
2408 1916 2650 1979 CAES.
2683 1921 2791 1980 vel
2820 1918 2900 1978 N.
2932 1917 3007 1982 C.
3044 1921 3150 1980 vel
3180 1915 3388 1980 NOB.

2181 2017 3090 2084 CAEs.velstmilater-.1

2015 2221 2226 2303 Caput
2292 2223 2654 2287 laureatum
2704 2224 2776 2284 in
2825 2223 2966 2291 AV.
3028 2222 3168 2284 ΑΕ.
3215 2243 3382 2285 max.

1886 2322 2063 2388 mod.
2093 2338 2162 2388 et
2194 2325 2273 2387 11.
2295 2324 2588 2403 formae,
2633 2326 2955 2391 radiatum
2990 2325 3056 2387 in
3077 2307 3340 2391 AE.11‘1.

2615 2493 2652 2532 *

2451 2544 2490 2581 ἢ
2782 2540 2821 2578 ff

2172 2636 2261 2695 Vt
2300 2635 2396 2695 lit.
2441 2639 2530 2698 A.
3464 2691 3476 2700 .

1884 2733 2256 2804 CONSVL.
2304 2735 2551 2798 CAES.
2625 2740 2986 2816 Imperator
3030 2738 3385 2817 paludatus

1882 2849 2065 2900 stans
2129 2844 2191 2900 d.
2249 2843 2546 2921 ylobum,
2624 2863 2677 2903 a.
2715 2843 3169 2918 par-azanium.
3236 2837 3380 2901 AV.

1883 2942 2083 3021 (Mus.
2115 2940 2273 3003 olim
2316 2942 2397 3004 de
2424 2943 2733 3021 France.)

2008 3044 2261 3106 Numus
2290 3058 2391 3106 est
2423 3044 2573 3107 anni
2604 3045 2690 3112 V.
2719 3044 2790 3105 C.
2835 3052 2994 3127 1047
3025 3045 3199 3107 P.x.
3231 3052 3381 3126 294,

1884 3165 2014 3230 quo
2057 3147 2338 3229 conlega
2370 3147 2751 3211 Constantio
2786 3149 3064 3210 Caesare
3115 3164 3381 3230 proces-

1944 3260 1971 3308 t
2001 3248 2250 3311 consul.

2166 3351 3380 3421 MAX1M1ANVS.NOB.CAES.ET.

2167 3453 2536 3519 CONSVL.
2587 3459 3190 3534 capra-laureatum.
3421 3531 3441 3540 .,

1877 3555 2058 3617 IMP.
2112 3556 2701 3624 MAXIMIANVS.
2751 3556 2955 3622 AVG.
3013 3556 3199 3638 QOS.
3233 3557 3374 3621 1111.

1882 3662 2087 3738 Caput
2132 3661 2530 3722 Maccu'mr‘ani
2579 3664 2875 3723 Herculii
2900 3663 3107 3722 leonis
3151 3662 3380 3740 spoliis

1880 3771 2131 3824 tectum.
2179 3761 2315 3824 ΑΕ.
2358 3782 2524 3826 max.
2560 3760 2736 3827 mod.
2796 3760 3117 3843 (Banduri
3145 3763 3215 3821 in
3261 3781 3380 3823 nu-

1880 3863 2004 3923 mis
2035 3862 2412 3926 Maximiani
2443 3866 2681 3947 Herc.)

2007 3965 2136 4028 Hie
2179 3987 2413 4031 numus
2465 3982 2565 4032 est
2623 3968 2921 4051 ejusdem
2972 3968 3124 4032 anni
3168 3969 3250 4036 V.
3298 3970 3373 4035 C.

1890 4079 2050 4149 ¹047
2067 4113 2082 4142 ,
2125 4082 2191 4130 at
2211 4071 2565 4134 Herculius
2583 4073 2721 4155 *jam
2747 4091 2916 4136 anno
2933 4072 3376 4155 praecedente
3485 4099 3488 4102 ·

1880 4171 2208 4251 processit
2236 4174 2467 4234 consul
2501 4175 2616 4242 IV.

2171 4281 2257 4339 Vt
2288 4281 2383 4340 lit.
2417 4280 2500 4341 A.

1877 4375 2184 4439 PRIMO.
2207 4379 2450 4445 AVSP.
2482 4383 2789 4444 Hercules
2815 4384 3040 4461 infans
3061 4387 3225 4447 duos
3245 4404 3372 4446 eer-

278 4478 568 4542 exercitu
593 4463 912 4542 Narse‘u‘m
935 4469 1175 4542 iterum
1203 4501 1553 4567 aggressus
1585 4501 1770 4545 acer·
1870 4494 2094 4565 pentes
2127 4485 2336 4547 elidit.
2379 4482 2517 4545 ΔΕ.
2548 4481 2661 4550 lv.
2700 4485 2900 4564 (Mus.
2939 4482 3158 4564 Caes.)

276 4665 3374 4705 Ἢ*

338 4795 402 4867 a)
438 4795 517 4854 de
557 4795 690 4855 trib.
728 4808 853 4877 pot.
890 4818 954 4877 p.
991 4810 1121 4864 200.

1266 4798 1340 4874 b)
1364 4798 1451 4858 n.
1490 4800 1560 4862 Β.
1598 4799 1663 4860 L.
1702 4799 1860 4868 vm.
1890 4821 1953 4888 -⁰·
1992 4814 2047 4871 5.
2084 4815 2142 4866 et
2179 4804 2246 4865 in
2279 4805 2402 4876 vita
2441 4806 2640 4869 Const.
2683 4827 2734 4869 c.
2773 4818 2862 4873 18.

2815 4903 2959 4976 Ea
