4388 5576
747 545 1328 662 AQDDENDA
1389 551 1545 623 AD
1612 551 2182 671 VOLanN
2248 557 2747 639 SEXTVM..

3214 585 3309 650 53

1096 1255 2405 1373 ADDENDA

1675 1496 1817 1554 An

468 1671 1705 1761 VOLVMEN

1959 1669 3010 1761 SEXTVM.

466 2332 535 2395 P.
554 2331 658 2408 45.
692 2331 816 2394 col.
840 2348 898 2391 2.
936 2342 1092 2414 post
1125 2331 1246 2395 lin.
1270 2338 1377 2407 24.

163 2387 388 2496 Huic
424 2432 766 2496 sociandus
795 2453 1027 2495 numus
1059 2434 1259 2510 alter,
1303 2450 1499 2516 quem
1530 2432 1669 2496 vul-

162 2534 352 2614 gavit
384 2533 470 2603 cl.
496 2536 965 2614 Pinkertonus,
998 2534 1250 2612 addim,
1288 2534 1501 2618 putari
1530 2533 1671 2594 uni-

164 2660 322 2699 cum
342 2684 359 2715 ,
404 2651 472 2701 et
504 2637 704 2700 fuisse
745 2637 903 2699 olim
941 2638 1008 2698 in
1038 2658 1266 2699 museo
1298 2635 1477 2700 card.
1509 2634 1668 2731 Qui-

155 2740 320 2806 rini.
368 2740 604 2822 (Essay
640 2758 723 2802 on
754 2739 1002 2828 medals
1039 2739 1188 2808 Vol.
1214 2743 1260 2801 1.
1296 2761 1359 2823 p.
1379 2740 1563 2816 301.)

291 2843 389 2905 M.
448 2842 918 2911 ANTONIVS.
964 2846 1055 2903 M.
1097 2844 1174 2907 F.
1209 2844 1299 2903 Μ.
1337 2844 1417 2906 N.
1455 2839 1661 2907 AVG.
1754 2837 1757 2838 ⁷

155 2945 311 3007 Vn.
357 2943 537 3006 IMP.
577 2946 777 3010 TER.
831 2946 1049 3028 Caput
1081 2944 1181 3010 M.
1212 2944 1512 3007 Antonii
1549 2967 1668 3007 nu-

127 3042 130 3046 ’
160 3045 354 3105 dum.

291 3139 490 3210 COS.
540 3145 775 3212 ITER.
818 3146 956 3205 ET.
1026 3144 1229 3210 TER.
1276 3145 1538 3214 111V1R.
1577 3147 1659 3207 R.

150 3247 233 3310 P.
270 3245 348 3307 C.
394 3246 610 3326 Caput
659 3249 998 3309 Octaviae.
1042 3246 1186 3313 AV.

285 3345 460 3407 Bina
492 3346 598 3409 hie
633 3369 868 3410 numus
907 3344 1105 3411 offert
1133 3346 1307 3422 vitia,
1343 3365 1507 3428 quae
1549 3365 1661 3408 ex·
1728 3413 1737 3426 ,

147 3445 380 3513 casati
416 3467 550 3508 non
589 3464 884 3534 possunt.
934 3453 1007 3511 In
1039 3462 1224 3532 parte
1258 3448 1466 3510 antica
1496 3448 1691 3530 legi--

143 3567 263 3614 tur
311 3550 526 3618 AVG.
569 3555 747 3630 Vll„
799 3566 863 3614 at
907 3572 1072 3636 quae
1111 3549 1301 3631 hujus
1341 3549 1659 3631 significa-

139 3654 291 3716 tio?
356 3654 432 3714 In
475 3673 702 3719 aversa
734 3655 926 3720 COS.
964 3655 1195 3716 ITER.
1230 3653 1372 3718 ET.
1409 3652 1653 3729 TER„

139 3776 350 3843 quam
403 3755 808 3840 epigraphen
858 3769 931 3817 ut
955 3753 1381 3837 comprobem
1425 3765 1651 3820 veram

136 3881 299 3924 esse
358 3878 498 3922 non
554 3878 792 3942 posse,
852 3877 1128 3920 necesse
1174 3857 1385 3933 foret,
1447 3858 1650 3920 multa

128 3966 273 4026 hnc
343 3960 693 4037 conferre,
769 3980 934 4043 quae
996 3959 1265 4041 copiose
1325 3958 1647 4041 disputata

122 4067 265 4148 jam
298 4075 459 4140 sunt
486 4061 554 4123 in
582 4077 843 4126 moneta
879 4061 1070 4143 hujus
1101 4059 1336 4125 Illviri.
1379 4062 1482 4121 Ex
1511 4081 1643 4144 quo

124 4170 320 4229 ultro
374 4163 833 4247 consequitur,
883 4176 992 4224 aut
1037 4161 1435 4244 singularem
1469 4160 1645 4224 hunc

120 4287 421 4333 numum
470 4265 682 4326 minus
736 4264 1023 4326 fideliter
1073 4283 1219 4326 esse
1274 4263 1645 4346 promulga-

120 4359 308 4452 tum,
366 4378 480 4429 aut
525 4365 775 4447 lapsum
827 4365 1116 4448 graviter
1161 4377 1459 4430 veterem
1506 4386 1640 4434 mo·

116 4468 505 4543 netarium,
561 4481 670 4530 aut
700 4466 1032 4529 cimelium
1074 4465 1248 4529 istud
1297 4488 1443 4530 esse
1492 4489 1637 4550 spu·

116 4579 328 4640 rium.
394 4570 536 4629 Pro
575 4568 781 4633 AVG.
832 4570 973 4636 VII.
1027 4568 1241 4631 scribe
1286 4569 1633 4646 AVGVR,

1784 2331 2079 2408 TERT.,
2152 2342 2220 2393 et
2271 2330 2473 2393 habes
2522 2329 2928 2413 epigraphen
2980 2330 3289 2397 veritati,

1780 2431 2174 2515 puritatique
2223 2432 2605 2496 restitutam.
2667 2432 2871 2494 Addit
2924 2433 3271 2494 Pinkerto·

1781 2556 1937 2610 nus,
1986 2533 2163 2596 idem
2216 2547 2670 2616 argumentum
2715 2548 2938 2598 extare
2974 2535 3169 2598 etiam
3203 2534 3273 2593 in

1781 2658 1980 2698 numo
2038 2637 2183 2700 ΑΕ.
2218 2637 2267 2698 Ι.
2325 2634 2611 2713 formae,
2672 2636 2791 2699 sed
2851 2657 3047 2720 quem
3104 2634 3266 2697 mihi

1782 2737 2047 2802 omnino
2085 2756 2231 2803 esse
2271 2737 2566 2822 ignotum
2597 2738 2935 2821 profiteor.

2163 2922 2247 2989 P.
2281 2925 2387 2988 56.
2419 2924 2544 2989 col.
2577 2941 2637 2985 Β.
2674 2925 2796 2989 lin.
2823 2944 2888 3006 7.

1776 3139 1832 3205 ἵ
1900 3048 2036 3109 Pro
2077 3046 2154 3109 1..
2183 3044 2631 3114 ANTONIVS
2681 3046 2834 3129 lege
2900 3033 3280 3106 L.A'1·13A-

1765 3138 1775 3148 ·
1838 3145 2059 3212 1NVS.
2567 3178 2573 3184 -

2153 3332 2235 3397 P.
2255 3338 2361 3412 74.
2391 3330 2519 3394 col.
2549 3350 2604 3395 1.
2637 3329 2756 3395 lin.
2791 3346 2887 3411 19.

1894 3447 2224 3525 Advorte,
2296 3470 2564 3510 numum
2618 3445 2793 3509 hunc
2854 3448 2981 3529 jam
3039 3462 3264 3512 extare

1772 3549 2108 3632 vulgatum
2161 3550 2243 3616 ab
2298 3565 2564 3615 auctore
2610 3549 2823 3610 Musei
2866 3549 3258 3616 Pembrock.

1773 3654 1963 3714 Tom.
2002 3655 2048 3713 1.
2096 3652 2226 3716 tab.
2261 3653 2367 3728 13,
2441 3652 2558 3713 sed
2619 3653 2729 3735 qui
2781 3653 2848 3713 in
2907 3652 3039 3715 imo
3105 3654 3255 3715 loco

1765 3773 1930 3827 non,
1985 3766 2057 3813 ut
2099 3775 2251 3832 nos,
2309 3772 2574 3837 proram
2617 3754 2831 3831 navis,
2901 3756 3019 3818 sed
3062 3770 3256 3838 caput

1763 3854 1906 3938 apri
1930 3853 2114 3922 vidit.

2143 4045 2219 4108 P.
2265 4065 2286 4102 ι
2308 4060 2404 4108 ιο.
2439 4041 2563 4104 col.
2597 4041 2802 4106 isliu.
2828 4041 2891 4107 5.

1762 4211 1777 4220 .
1880 4157 2062 4225 {MR
2097 4162 2238 4228 XII.
2273 4161 2439 4246 adde
2473 4161 2646 4224 XlIl.

2138 4347 2212 4408 P.
2245 4367 2266 4407 ι
2286 4346 2380 4410 13.
2415 4346 2538 4407 col.
2561 4362 2620 4408 2.
2655 4345 2774 4406 lin.
2799 4365 2864 4425 7.

1878 4465 2182 4556 Denique
2219 4465 2505 4526 delatum
2536 4463 2664 4526 hoc
2697 4484 2866 4525 anno
2902 4465 3103 4547 patris
3132 4486 3238 4548 pa·

1749 4564 1913 4630 triae
1971 4586 2215 4628 nomen
2270 4567 2509 4631 invicte
2567 4564 2881 4649 probatur
2936 4588 3020 4628 ex
3062 4567 3239 4652 frag-

116 4698 253 4763 pro
323 4668 529 4752 COS·
588 4671 821 4735 ITER.
882 4670 1021 4729 ET.
1091 4672 1354 4736 TERT.
1417 4673 1633 4735 scribe
1748 4684 1971 4733 mento
1999 4668 2262 4743 Dionis,
2296 4668 2659 4750 praesentis
2687 4667 2837 4730 anni
2866 4667 3032 4732 facta
3059 4690 3234 4731 com-

113 4779 321 4844 COS.
373 4770 578 4835 DEs.
635 4770 777 4852 (vel
818 4771 1137 4870 mame.)
1200 4774 1430 4840 rrssn.
1488 4777 1630 4839 ET.

1747 4775 2006 4858 plente,
2053 4771 2227 4858 quod
2255 4770 2324 4832 in
2354 4769 2584 4833 codice
2628 4770 3065 4836 bibliothecae
3099 4773 3230 4840 Ve-
