<?xml version="1.0" encoding="UTF-8"?>
<!DOCTYPE html PUBLIC "-//W3C//DTD XHTML 1.0 Transitional//EN"
    "http://www.w3.org/TR/xhtml1/DTD/xhtml1-transitional.dtd">
<html xmlns="http://www.w3.org/1999/xhtml" xml:lang="en" lang="en">
 <head>
  <title>
</title>
<meta http-equiv="Content-Type" content="text/html;charset=utf-8" />
  <meta name='ocr-system' content='tesseract 3.04.00' />
  <meta name='ocr-capabilities' content='ocr_page ocr_carea ocr_par ocr_line ocrx_word'/>
</head>
<body>
  <div class='ocr_page' id='page_1' title='image "./doctrinanumorum04hohlgoog/doctrinanumorum04hohlgoog_0612.png"; bbox 0 0 4388 5576; ppageno 0'>
   <div class='ocr_carea' id='block_1_1' title="bbox 1169 536 3668 639">
    <p class='ocr_par' dir='ltr' id='par_1_1' title="bbox 1169 536 3668 645">
     <span class='ocr_line' id='line_1_1' title="bbox 1169 536 3668 639; baseline 0.002 -29"><span class='ocrx_word' id='word_1_1' title='bbox 1169 561 1315 637; x_wconf 62' lang='lat' dir='ltr'>„m</span> <span class='ocrx_word' id='word_1_2' title='bbox 1813 541 2354 639; x_wconf 59' lang='lat' dir='ltr'>mom.12-1&#39;r.</span> <span class='ocrx_word' id='word_1_3' title='bbox 2415 540 2562 617; x_wconf 75' lang='lat' dir='ltr'>nn</span> <span class='ocrx_word' id='word_1_4' title='bbox 2634 536 2848 617; x_wconf 75' lang='lat'>108.</span> <span class='ocrx_word' id='word_1_5' title='bbox 2896 540 3119 616; x_wconf 70' lang='grc' dir='ltr'><strong>ΗΠ..</strong></span> <span class='ocrx_word' id='word_1_6' title='bbox 3168 541 3668 621; x_wconf 67' lang='lat' dir='ltr'>sennen.</span> 
     </span>
    </p>
   </div>
   <div class='ocr_carea' id='block_1_2' title="bbox 1086 707 4180 4560">
    <p class='ocr_par' dir='ltr' id='par_1_2' title="bbox 1092 702 4173 2284">
     <span class='ocr_line' id='line_1_2' title="bbox 1402 707 4173 817; baseline 0.001 -31"><span class='ocrx_word' id='word_1_7' title='bbox 1402 715 1691 817; x_wconf 81' lang='lat' dir='ltr'>Quanta</span> <span class='ocrx_word' id='word_1_8' title='bbox 1725 711 1948 790; x_wconf 81' lang='lat' dir='ltr'>animi</span> <span class='ocrx_word' id='word_1_9' title='bbox 1982 711 2483 813; x_wconf 78' lang='lat' dir='ltr'>generositate</span> <span class='ocrx_word' id='word_1_10' title='bbox 2521 728 2600 786; x_wconf 88' lang='lat' dir='ltr'>et</span> <span class='ocrx_word' id='word_1_11' title='bbox 2632 710 3077 788; x_wconf 75' lang='lat' dir='ltr'>abstinentia</span> <span class='ocrx_word' id='word_1_12' title='bbox 3103 711 3330 786; x_wconf 85' lang='lat' dir='ltr'>fuerit</span> <span class='ocrx_word' id='word_1_13' title='bbox 3350 765 3373 802; x_wconf 95' lang='lat'>,</span> <span class='ocrx_word' id='word_1_14' title='bbox 3425 712 3655 786; x_wconf 81' lang='lat' dir='ltr'>multa</span> <span class='ocrx_word' id='word_1_15' title='bbox 3688 707 3923 786; x_wconf 82' lang='lat' dir='ltr'>referri</span> <span class='ocrx_word' id='word_1_16' title='bbox 3953 724 4173 813; x_wconf 75' lang='lat' dir='ltr'><strong>possent</strong></span> 
     </span>
     <span class='ocr_line' id='line_1_3' title="bbox 1203 846 4171 949; baseline -0.002 -22"><span class='ocrx_word' id='word_1_17' title='bbox 1203 847 1579 949; x_wconf 47' lang='lat' dir='ltr'>exemplu</span> <span class='ocrx_word' id='word_1_18' title='bbox 1621 847 1755 921; x_wconf 88' lang='lat' dir='ltr'>sed</span> <span class='ocrx_word' id='word_1_19' title='bbox 1816 847 1973 921; x_wconf 85' lang='lat' dir='ltr'>boc.</span> <span class='ocrx_word' id='word_1_20' title='bbox 2025 872 2254 919; x_wconf 89' lang='lat' dir='ltr'>unum</span> <span class='ocrx_word' id='word_1_21' title='bbox 2314 846 2671 933; x_wconf 85' lang='lat' dir='ltr'>sufficiet,</span> <span class='ocrx_word' id='word_1_22' title='bbox 2724 862 2805 920; x_wconf 86' lang='lat' dir='ltr'>ut</span> <span class='ocrx_word' id='word_1_23' title='bbox 2862 865 3424 943; x_wconf 85' lang='lat' dir='ltr'>cognoscatur,</span> <span class='ocrx_word' id='word_1_24' title='bbox 3455 848 3694 946; x_wconf 87' lang='lat' dir='ltr'>qualis</span> <span class='ocrx_word' id='word_1_25' title='bbox 3732 847 3846 920; x_wconf 87' lang='lat' dir='ltr'>hic</span> <span class='ocrx_word' id='word_1_26' title='bbox 3879 846 3970 921; x_wconf 83' lang='lat' dir='ltr'>vir</span> <span class='ocrx_word' id='word_1_27' title='bbox 4001 848 4171 923; x_wconf 78' lang='lat' dir='ltr'>fuerit</span> 
     </span>
     <span class='ocr_line' id='line_1_4' title="bbox 1180 979 4169 1082; baseline -0.002 -22"><span class='ocrx_word' id='word_1_28' title='bbox 1180 981 1862 1082; x_wconf 70' lang='lat' dir='ltr'>‚108.Heyrenbach</span> <span class='ocrx_word' id='word_1_29' title='bbox 1907 980 2238 1080; x_wconf 85' lang='lat' dir='ltr'>ejusdem</span> <span class='ocrx_word' id='word_1_30' title='bbox 2279 979 2495 1069; x_wconf 89' lang='lat' dir='ltr'>olim,</span> <span class='ocrx_word' id='word_1_31' title='bbox 2549 982 2758 1078; x_wconf 86' lang='lat' dir='ltr'>cujus</span> <span class='ocrx_word' id='word_1_32' title='bbox 2797 980 3079 1055; x_wconf 77' lang='lat' dir='ltr'>Eckhel</span> <span class='ocrx_word' id='word_1_33' title='bbox 3102 1033 3124 1069; x_wconf 97' lang='lat'>,</span> <span class='ocrx_word' id='word_1_34' title='bbox 3177 982 3254 1055; x_wconf 87' lang='lat' dir='ltr'>S.</span> <span class='ocrx_word' id='word_1_35' title='bbox 3296 984 3351 1059; x_wconf 90' lang='lat'>1.</span> <span class='ocrx_word' id='word_1_36' title='bbox 3398 983 3824 1081; x_wconf 77' lang='lat' dir='ltr'><strong>presbyter,</strong></span> <span class='ocrx_word' id='word_1_37' title='bbox 3866 980 3932 1052; x_wconf 89' lang='lat' dir='ltr'>in</span> <span class='ocrx_word' id='word_1_38' title='bbox 3970 982 4169 1055; x_wconf 78' lang='lat' dir='ltr'>univer·</span> 
     </span>
     <span class='ocr_line' id='line_1_5' title="bbox 1201 1112 4169 1217; baseline -0.003 -22"><span class='ocrx_word' id='word_1_39' title='bbox 1201 1119 1417 1195; x_wconf 80' lang='lat' dir='ltr'>sitate</span> <span class='ocrx_word' id='word_1_40' title='bbox 1455 1116 1868 1192; x_wconf 80' lang='lat' dir='ltr'>Viennensi</span> <span class='ocrx_word' id='word_1_41' title='bbox 1904 1116 2239 1215; x_wconf 88' lang='lat' dir='ltr'>publicas</span> <span class='ocrx_word' id='word_1_42' title='bbox 2251 1112 2807 1217; x_wconf 63' lang='lat' dir='ltr'>praelectiones</span> <span class='ocrx_word' id='word_1_43' title='bbox 2845 1141 2934 1186; x_wconf 83' lang='lat' dir='ltr'>ex</span> <span class='ocrx_word' id='word_1_44' title='bbox 2978 1114 3311 1189; x_wconf 88' lang='lat' dir='ltr'>doctrina</span> <span class='ocrx_word' id='word_1_45' title='bbox 3349 1116 3812 1213; x_wconf 88' lang='lat' dir='ltr'>diplomatica</span> <span class='ocrx_word' id='word_1_46' title='bbox 3848 1115 4075 1188; x_wconf 85' lang='lat' dir='ltr'>babere</span> <span class='ocrx_word' id='word_1_47' title='bbox 4101 1117 4169 1187; x_wconf 85' lang='lat' dir='ltr'>in·</span> 
     </span>
     <span class='ocr_line' id='line_1_6' title="bbox 1199 1244 4170 1350; baseline -0.001 -25"><span class='ocrx_word' id='word_1_48' title='bbox 1199 1244 1575 1338; x_wconf 72' lang='lat' dir='ltr'>stituerat,</span> <span class='ocrx_word' id='word_1_49' title='bbox 1652 1278 1833 1350; x_wconf 88' lang='lat' dir='ltr'>quas</span> <span class='ocrx_word' id='word_1_50' title='bbox 1897 1250 2276 1348; x_wconf 86' lang='lat' dir='ltr'>aliquanto</span> <span class='ocrx_word' id='word_1_51' title='bbox 2336 1264 2667 1346; x_wconf 87' lang='lat' dir='ltr'>tempore</span> <span class='ocrx_word' id='word_1_52' title='bbox 2729 1248 3080 1344; x_wconf 82' lang='lat' dir='ltr'>gratuitas</span> <span class='ocrx_word' id='word_1_53' title='bbox 3133 1249 3635 1335; x_wconf 83' lang='lat' dir='ltr'>continuavit,</span> <span class='ocrx_word' id='word_1_54' title='bbox 3709 1248 3873 1346; x_wconf 88' lang='lat' dir='ltr'>quia</span> <span class='ocrx_word' id='word_1_55' title='bbox 3923 1249 4170 1322; x_wconf 78' lang='lat' dir='ltr'>cathedra</span> 
     </span>
     <span class='ocr_line' id='line_1_7' title="bbox 1197 1380 4167 1483; baseline -0.001 -27"><span class='ocrx_word' id='word_1_56' title='bbox 1197 1383 1422 1483; x_wconf 85' lang='lat' dir='ltr'>hujus</span> <span class='ocrx_word' id='word_1_57' title='bbox 1464 1383 1842 1458; x_wconf 83' lang='lat' dir='ltr'>doctrinae</span> <span class='ocrx_word' id='word_1_58' title='bbox 1900 1382 2230 1461; x_wconf 87' lang='lat' dir='ltr'>nondum</span> <span class='ocrx_word' id='word_1_59' title='bbox 2267 1397 2424 1454; x_wconf 89' lang='lat' dir='ltr'>erat</span> <span class='ocrx_word' id='word_1_60' title='bbox 2480 1380 2808 1454; x_wconf 80' lang='lat' dir='ltr'>fundata.</span> <span class='ocrx_word' id='word_1_61' title='bbox 2880 1381 3164 1458; x_wconf 61' lang='lat' dir='ltr'>Eclshel</span> <span class='ocrx_word' id='word_1_62' title='bbox 3210 1382 3479 1455; x_wconf 79' lang='lat' dir='ltr'>certior</span> <span class='ocrx_word' id='word_1_63' title='bbox 3533 1381 3808 1469; x_wconf 84' lang='lat' dir='ltr'>faetus,</span> <span class='ocrx_word' id='word_1_64' title='bbox 3855 1381 3987 1453; x_wconf 84' lang='lat' dir='ltr'>viro</span> <span class='ocrx_word' id='word_1_65' title='bbox 4023 1382 4167 1454; x_wconf 75' lang='lat' dir='ltr'>docto</span> 
     </span>
     <span class='ocr_line' id='line_1_8' title="bbox 1193 1477 4166 1643; baseline -0.001 -53"><span class='ocrx_word' id='word_1_66' title='bbox 1193 1535 1502 1619; x_wconf 86' lang='lat' dir='ltr'>propter</span> <span class='ocrx_word' id='word_1_67' title='bbox 1550 1517 2032 1615; x_wconf 79' lang='lat' dir='ltr'>indigentiam</span> <span class='ocrx_word' id='word_1_68' title='bbox 2080 1516 2173 1589; x_wconf 89' lang='lat' dir='ltr'>ab</span> <span class='ocrx_word' id='word_1_69' title='bbox 2218 1515 2332 1588; x_wconf 88' lang='lat' dir='ltr'>his</span> <span class='ocrx_word' id='word_1_70' title='bbox 2379 1477 3047 1611; x_wconf 82' lang='lat' dir='ltr'>praelectionibus,</span> <span class='ocrx_word' id='word_1_71' title='bbox 3095 1540 3291 1613; x_wconf 83' lang='lat' dir='ltr'>quae</span> <span class='ocrx_word' id='word_1_72' title='bbox 3339 1515 3711 1589; x_wconf 82' lang='lat' dir='ltr'>studiosae</span> <span class='ocrx_word' id='word_1_73' title='bbox 3739 1514 4166 1643; x_wconf 55' lang='lat' dir='ltr'>juventutis&amp;</span> 
     </span>
     <span class='ocr_line' id='line_1_9' title="bbox 1092 1647 4169 1759; baseline -0.001 -34"><span class='ocrx_word' id='word_1_74' title='bbox 1092 1740 1098 1759; x_wconf 28' lang='grc' dir='ltr'><strong><em>Β</em></strong></span> <span class='ocrx_word' id='word_1_75' title='bbox 1198 1678 1346 1753; x_wconf 87' lang='lat' dir='ltr'>que</span> <span class='ocrx_word' id='word_1_76' title='bbox 1382 1651 1842 1727; x_wconf 86' lang='lat' dir='ltr'>necessariae</span> <span class='ocrx_word' id='word_1_77' title='bbox 1891 1676 1979 1725; x_wconf 89' lang='lat' dir='ltr'>ac</span> <span class='ocrx_word' id='word_1_78' title='bbox 2015 1650 2234 1724; x_wconf 90' lang='lat' dir='ltr'>utiles</span> <span class='ocrx_word' id='word_1_79' title='bbox 2274 1649 2719 1738; x_wconf 81' lang='lat' dir='ltr'>viderentur,</span> <span class='ocrx_word' id='word_1_80' title='bbox 2770 1647 3298 1723; x_wconf 83' lang='lat' dir='ltr'>discedendum</span> <span class='ocrx_word' id='word_1_81' title='bbox 3343 1649 3605 1739; x_wconf 84' lang='lat' dir='ltr'>fore,</span> <span class='ocrx_word' id='word_1_82' title='bbox 3583 1676 3822 1749; x_wconf 75' lang='lat' dir='ltr'>ipsum</span> <span class='ocrx_word' id='word_1_83' title='bbox 3870 1649 4169 1735; x_wconf 78' lang='lat' dir='ltr'>commovit,</span> 
     </span>
     <span class='ocr_line' id='line_1_10' title="bbox 1195 1782 4168 1881; baseline -0.003 -20"><span class='ocrx_word' id='word_1_84' title='bbox 1195 1805 1279 1861; x_wconf 86' lang='lat' dir='ltr'>ut</span> <span class='ocrx_word' id='word_1_85' title='bbox 1316 1786 1616 1859; x_wconf 85' lang='lat' dir='ltr'>dimidio</span> <span class='ocrx_word' id='word_1_86' title='bbox 1662 1783 1902 1857; x_wconf 88' lang='lat' dir='ltr'>salarii</span> <span class='ocrx_word' id='word_1_87' title='bbox 1945 1784 2059 1858; x_wconf 90' lang='lat' dir='ltr'>sui</span> <span class='ocrx_word' id='word_1_88' title='bbox 2101 1800 2410 1881; x_wconf 91' lang='lat' dir='ltr'>accepto</span> <span class='ocrx_word' id='word_1_89' title='bbox 2455 1783 2777 1857; x_wconf 83' lang='lat' dir='ltr'>doctoris</span> <span class='ocrx_word' id='word_1_90' title='bbox 2817 1783 3144 1855; x_wconf 81' lang='lat' dir='ltr'>officium</span> <span class='ocrx_word' id='word_1_91' title='bbox 3184 1783 3257 1855; x_wconf 90' lang='lat' dir='ltr'>in</span> <span class='ocrx_word' id='word_1_92' title='bbox 3292 1783 3662 1881; x_wconf 84' lang='lat' dir='ltr'>publicam</span> <span class='ocrx_word' id='word_1_93' title='bbox 3698 1782 4041 1857; x_wconf 82' lang='lat' dir='ltr'>utilitatem</span> <span class='ocrx_word' id='word_1_94' title='bbox 4060 1807 4168 1855; x_wconf 76' lang='lat' dir='ltr'>con-</span> 
     </span>
     <span class='ocr_line' id='line_1_11' title="bbox 1194 1886 4169 2017; baseline -0.003 -23"><span class='ocrx_word' id='word_1_95' title='bbox 1194 1922 1538 1994; x_wconf 85' lang='lat' dir='ltr'>tinuaret.</span> <span class='ocrx_word' id='word_1_96' title='bbox 1602 1919 2101 2015; x_wconf 84' lang='lat' dir='ltr'>Heyrenbach</span> <span class='ocrx_word' id='word_1_97' title='bbox 2135 1919 2281 1991; x_wconf 91' lang='lat' dir='ltr'>hoc</span> <span class='ocrx_word' id='word_1_98' title='bbox 2317 1918 2865 2016; x_wconf 85' lang='lat' dir='ltr'>generosissimi</span> <span class='ocrx_word' id='word_1_99' title='bbox 2905 1916 3119 1990; x_wconf 90' lang='lat' dir='ltr'>amici</span> <span class='ocrx_word' id='word_1_100' title='bbox 3166 1917 3536 1990; x_wconf 81' lang='lat' dir='ltr'>beneficio</span> <span class='ocrx_word' id='word_1_101' title='bbox 3577 1917 3870 2017; x_wconf 88' lang='lat' dir='ltr'>adjutus</span> <span class='ocrx_word' id='word_1_102' title='bbox 3902 1886 4169 2013; x_wconf 72' lang='lat' dir='ltr'>usquead</span> 
     </span>
     <span class='ocr_line' id='line_1_12' title="bbox 1195 2046 4170 2152; baseline -0.003 -24"><span class='ocrx_word' id='word_1_103' title='bbox 1195 2072 1506 2128; x_wconf 89' lang='lat' dir='ltr'>mortem</span> <span class='ocrx_word' id='word_1_104' title='bbox 1558 2052 1788 2128; x_wconf 88' lang='lat' dir='ltr'>literis</span> <span class='ocrx_word' id='word_1_105' title='bbox 1849 2070 1925 2125; x_wconf 90' lang='lat' dir='ltr'>et</span> <span class='ocrx_word' id='word_1_106' title='bbox 1987 2052 2267 2152; x_wconf 85' lang='lat' dir='ltr'>patriae</span> <span class='ocrx_word' id='word_1_107' title='bbox 2321 2052 2646 2151; x_wconf 84' lang='lat' dir='ltr'>profuit,</span> <span class='ocrx_word' id='word_1_108' title='bbox 2697 2077 2840 2125; x_wconf 91' lang='lat' dir='ltr'>nec</span> <span class='ocrx_word' id='word_1_109' title='bbox 2901 2052 3063 2151; x_wconf 86' lang='lat' dir='ltr'>ejus</span> <span class='ocrx_word' id='word_1_110' title='bbox 3127 2068 3362 2125; x_wconf 86' lang='lat' dir='ltr'>morte</span> <span class='ocrx_word' id='word_1_111' title='bbox 3425 2051 3814 2150; x_wconf 86' lang='lat' dir='ltr'>quisquam</span> <span class='ocrx_word' id='word_1_112' title='bbox 3869 2049 4060 2146; x_wconf 81' lang='lat' dir='ltr'>magis</span> <span class='ocrx_word' id='word_1_113' title='bbox 4097 2046 4170 2118; x_wconf 72' lang='lat' dir='ltr'>td·</span> 
     </span>
     <span class='ocr_line' id='line_1_13' title="bbox 1169 2183 4089 2284; baseline 0.001 -29"><span class='ocrx_word' id='word_1_114' title='bbox 1169 2188 1436 2263; x_wconf 14' lang='lat' dir='ltr'>*flictus</span> <span class='ocrx_word' id='word_1_115' title='bbox 1482 2187 1713 2275; x_wconf 85' lang='lat' dir='ltr'>visus,</span> <span class='ocrx_word' id='word_1_116' title='bbox 1767 2212 1983 2283; x_wconf 86' lang='lat' dir='ltr'>quam</span> <span class='ocrx_word' id='word_1_117' title='bbox 2028 2186 2434 2281; x_wconf 90' lang='lat' dir='ltr'>idemille,</span> <span class='ocrx_word' id='word_1_118' title='bbox 2487 2186 2615 2284; x_wconf 88' lang='lat' dir='ltr'>qui</span> <span class='ocrx_word' id='word_1_119' title='bbox 2655 2186 2891 2259; x_wconf 75' lang='lat' dir='ltr'>vivum</span> <span class='ocrx_word' id='word_1_120' title='bbox 2938 2183 3352 2283; x_wconf 88' lang='lat' dir='ltr'>sumptibus</span> <span class='ocrx_word' id='word_1_121' title='bbox 3393 2184 3547 2259; x_wconf 90' lang='lat' dir='ltr'>suis</span> <span class='ocrx_word' id='word_1_122' title='bbox 3585 2199 4089 2259; x_wconf 81' lang='lat' dir='ltr'>sustentaverat.</span> 
     </span>
    </p>

    <p class='ocr_par' dir='ltr' id='par_1_3' title="bbox 1086 2313 4180 4410">
     <span class='ocr_line' id='line_1_14' title="bbox 1383 2313 4170 2418; baseline -0.005 -21"><span class='ocrx_word' id='word_1_123' title='bbox 1383 2320 1519 2397; x_wconf 88' lang='lat' dir='ltr'>Vir</span> <span class='ocrx_word' id='word_1_124' title='bbox 1547 2313 2181 2393; x_wconf 84' lang='lat' dir='ltr'>tantisvirtutibus</span> <span class='ocrx_word' id='word_1_125' title='bbox 2204 2319 2608 2418; x_wconf 88' lang='lat' dir='ltr'>praeditus,</span> <span class='ocrx_word' id='word_1_126' title='bbox 2643 2336 2909 2417; x_wconf 89' lang='lat' dir='ltr'>totque</span> <span class='ocrx_word' id='word_1_127' title='bbox 2931 2318 3207 2392; x_wconf 90' lang='lat' dir='ltr'>meritis</span> <span class='ocrx_word' id='word_1_128' title='bbox 3232 2318 3544 2417; x_wconf 89' lang='lat' dir='ltr'>insignis</span> <span class='ocrx_word' id='word_1_129' title='bbox 3582 2319 3847 2393; x_wconf 86' lang='lat' dir='ltr'>morbo</span> <span class='ocrx_word' id='word_1_130' title='bbox 3879 2315 4170 2388; x_wconf 80' lang='lat' dir='ltr'>inflamma·</span> 
     </span>
     <span class='ocr_line' id='line_1_15' title="bbox 1086 2448 4171 2554; baseline -0.003 -26"><span class='ocrx_word' id='word_1_131' title='bbox 1086 2488 1091 2491; x_wconf 59' lang='grc'>’</span> <span class='ocrx_word' id='word_1_132' title='bbox 1190 2455 1384 2531; x_wconf 87' lang='lat' dir='ltr'>torio</span> <span class='ocrx_word' id='word_1_133' title='bbox 1433 2470 1815 2552; x_wconf 86' lang='lat' dir='ltr'>correptus</span> <span class='ocrx_word' id='word_1_134' title='bbox 1858 2473 1971 2528; x_wconf 89' lang='lat' dir='ltr'>est</span> <span class='ocrx_word' id='word_1_135' title='bbox 2009 2462 2118 2536; x_wconf 84' lang='lat'>16.</span> <span class='ocrx_word' id='word_1_136' title='bbox 2147 2455 2326 2554; x_wconf 89' lang='lat' dir='ltr'>Maji</span> <span class='ocrx_word' id='word_1_137' title='bbox 2353 2458 2497 2528; x_wconf 86' lang='lat' dir='ltr'>An.</span> <span class='ocrx_word' id='word_1_138' title='bbox 2522 2472 2705 2549; x_wconf 65' lang='lat'>1298</span> <span class='ocrx_word' id='word_1_139' title='bbox 2729 2506 2752 2543; x_wconf 96' lang='lat'>,</span> <span class='ocrx_word' id='word_1_140' title='bbox 2801 2454 2882 2525; x_wconf 90' lang='lat' dir='ltr'>in</span> <span class='ocrx_word' id='word_1_141' title='bbox 2916 2453 3137 2528; x_wconf 91' lang='lat' dir='ltr'>domo</span> <span class='ocrx_word' id='word_1_142' title='bbox 3186 2452 3402 2525; x_wconf 89' lang='lat' dir='ltr'>liberi</span> <span class='ocrx_word' id='word_1_143' title='bbox 3423 2453 3740 2526; x_wconf 77' lang='lat' dir='ltr'>Batonis</span> <span class='ocrx_word' id='word_1_144' title='bbox 3772 2448 4171 2529; x_wconf 48' lang='lat' dir='ltr'>des-moena,</span> 
     </span>
     <span class='ocr_line' id='line_1_16' title="bbox 1192 2582 4170 2685; baseline -0.004 -21"><span class='ocrx_word' id='word_1_145' title='bbox 1192 2588 1508 2664; x_wconf 87' lang='lat' dir='ltr'>celebris</span> <span class='ocrx_word' id='word_1_146' title='bbox 1560 2613 1982 2685; x_wconf 88' lang='lat' dir='ltr'>graecarum</span> <span class='ocrx_word' id='word_1_147' title='bbox 2027 2587 2397 2660; x_wconf 86' lang='lat' dir='ltr'>literarum</span> <span class='ocrx_word' id='word_1_148' title='bbox 2445 2586 2796 2675; x_wconf 87' lang='lat' dir='ltr'>cultoris,</span> <span class='ocrx_word' id='word_1_149' title='bbox 2846 2588 2939 2661; x_wconf 87' lang='lat' dir='ltr'>ad</span> <span class='ocrx_word' id='word_1_150' title='bbox 2990 2612 3209 2683; x_wconf 90' lang='lat' dir='ltr'>quem</span> <span class='ocrx_word' id='word_1_151' title='bbox 3266 2586 3650 2659; x_wconf 73' lang='lat' dir='ltr'>visendum</span> <span class='ocrx_word' id='word_1_152' title='bbox 3713 2613 3795 2660; x_wconf 92' lang='lat' dir='ltr'>se</span> <span class='ocrx_word' id='word_1_153' title='bbox 3850 2582 4170 2658; x_wconf 81' lang='lat' dir='ltr'>contulerat.</span> 
     </span>
     <span class='ocr_line' id='line_1_17' title="bbox 1191 2719 4170 2821; baseline -0.005 -21"><span class='ocrx_word' id='word_1_154' title='bbox 1191 2724 1340 2800; x_wconf 88' lang='lat' dir='ltr'>Ubi</span> <span class='ocrx_word' id='word_1_155' title='bbox 1387 2720 1725 2797; x_wconf 87' lang='lat' dir='ltr'>valetudo</span> <span class='ocrx_word' id='word_1_156' title='bbox 1772 2723 1933 2819; x_wconf 89' lang='lat' dir='ltr'>ejus</span> <span class='ocrx_word' id='word_1_157' title='bbox 1973 2726 2285 2821; x_wconf 81' lang='lat' dir='ltr'>repente</span> <span class='ocrx_word' id='word_1_158' title='bbox 2346 2721 2421 2793; x_wconf 88' lang='lat' dir='ltr'>in</span> <span class='ocrx_word' id='word_1_159' title='bbox 2471 2738 2755 2794; x_wconf 89' lang='lat' dir='ltr'>tantum</span> <span class='ocrx_word' id='word_1_160' title='bbox 2799 2720 3207 2821; x_wconf 85' lang='lat' dir='ltr'>periculum</span> <span class='ocrx_word' id='word_1_161' title='bbox 3255 2719 3558 2809; x_wconf 88' lang='lat' dir='ltr'>incidit,</span> <span class='ocrx_word' id='word_1_162' title='bbox 3607 2737 3699 2793; x_wconf 83' lang='lat' dir='ltr'>ut</span> <span class='ocrx_word' id='word_1_163' title='bbox 3748 2720 4018 2792; x_wconf 83' lang='lat' dir='ltr'>domum</span> <span class='ocrx_word' id='word_1_164' title='bbox 4048 2737 4170 2787; x_wconf 75' lang='lat' dir='ltr'>suam</span> 
     </span>
     <span class='ocr_line' id='line_1_18' title="bbox 1194 2846 4172 2956; baseline -0.003 -29"><span class='ocrx_word' id='word_1_165' title='bbox 1194 2856 1447 2930; x_wconf 85' lang='lat' dir='ltr'>revehi</span> <span class='ocrx_word' id='word_1_166' title='bbox 1498 2855 1869 2952; x_wconf 57' lang='lat' dir='ltr'>nequirets</span> <span class='ocrx_word' id='word_1_167' title='bbox 1929 2856 2081 2925; x_wconf 90' lang='lat' dir='ltr'>Iam</span> <span class='ocrx_word' id='word_1_168' title='bbox 2122 2873 2426 2955; x_wconf 84' lang='lat' dir='ltr'>postero</span> <span class='ocrx_word' id='word_1_169' title='bbox 2485 2855 2603 2928; x_wconf 87' lang='lat' dir='ltr'>die</span> <span class='ocrx_word' id='word_1_170' title='bbox 2654 2856 2848 2928; x_wconf 88' lang='lat' dir='ltr'>inter</span> <span class='ocrx_word' id='word_1_171' title='bbox 2902 2855 3279 2956; x_wconf 84' lang='lat' dir='ltr'>amplexus</span> <span class='ocrx_word' id='word_1_172' title='bbox 3326 2853 3542 2929; x_wconf 86' lang='lat' dir='ltr'>amici</span> <span class='ocrx_word' id='word_1_173' title='bbox 3593 2853 3949 2931; x_wconf 84' lang='lat' dir='ltr'>carissimi</span> <span class='ocrx_word' id='word_1_174' title='bbox 3997 2876 4067 2924; x_wconf 82' lang='lat' dir='ltr'>ex</span> <span class='ocrx_word' id='word_1_175' title='bbox 4092 2846 4172 2918; x_wconf 73' lang='lat' dir='ltr'>vita</span> 
     </span>
     <span class='ocr_line' id='line_1_19' title="bbox 1195 2986 3049 3087; baseline 0.002 -25"><span class='ocrx_word' id='word_1_176' title='bbox 1195 2987 1558 3077; x_wconf 86' lang='lat' dir='ltr'>decessit,</span> <span class='ocrx_word' id='word_1_177' title='bbox 1608 3013 1878 3061; x_wconf 81' lang='lat' dir='ltr'>annum</span> <span class='ocrx_word' id='word_1_178' title='bbox 1921 3012 2150 3087; x_wconf 88' lang='lat' dir='ltr'>agens</span> <span class='ocrx_word' id='word_1_179' title='bbox 2186 2986 2710 3087; x_wconf 80' lang='lat' dir='ltr'>sexagesimum</span> <span class='ocrx_word' id='word_1_180' title='bbox 2744 3005 3049 3066; x_wconf 84' lang='lat' dir='ltr'>sextum.</span> 
     </span>
     <span class='ocr_line' id='line_1_20' title="bbox 1194 3110 4174 3224; baseline -0.003 -30"><span class='ocrx_word' id='word_1_181' title='bbox 1194 3123 1197 3124; x_wconf 41' lang='lat'><em>⁷</em></span> <span class='ocrx_word' id='word_1_182' title='bbox 1393 3123 1575 3224; x_wconf 87' lang='lat' dir='ltr'>Ejus</span> <span class='ocrx_word' id='word_1_183' title='bbox 1615 3121 1896 3194; x_wconf 90' lang='lat' dir='ltr'>obitum</span> <span class='ocrx_word' id='word_1_184' title='bbox 1937 3121 2068 3195; x_wconf 85' lang='lat' dir='ltr'>viri</span> <span class='ocrx_word' id='word_1_185' title='bbox 2098 3121 2381 3210; x_wconf 64' lang='lat' dir='ltr'>⁸literati</span> <span class='ocrx_word' id='word_1_186' title='bbox 2415 3148 2551 3222; x_wconf 87' lang='lat' dir='ltr'>per</span> <span class='ocrx_word' id='word_1_187' title='bbox 2585 3149 2877 3198; x_wconf 90' lang='lat' dir='ltr'>omnem</span> <span class='ocrx_word' id='word_1_188' title='bbox 2910 3115 3282 3221; x_wconf 82' lang='lat' dir='ltr'>Europam</span> <span class='ocrx_word' id='word_1_189' title='bbox 3322 3121 3685 3195; x_wconf 81' lang='lat' dir='ltr'>luxerunt.</span> <span class='ocrx_word' id='word_1_190' title='bbox 3743 3116 3947 3192; x_wconf 83' lang='lat' dir='ltr'>Folia</span> <span class='ocrx_word' id='word_1_191' title='bbox 3976 3110 4174 3214; x_wconf 68' lang='lat' dir='ltr'>publica</span> 
     </span>
     <span class='ocr_line' id='line_1_21' title="bbox 1186 3250 4171 3357; baseline -0.004 -26"><span class='ocrx_word' id='word_1_192' title='bbox 1186 3256 1381 3344; x_wconf 78' lang='lat' dir='ltr'>hanc</span> <span class='ocrx_word' id='word_1_193' title='bbox 1424 3256 1916 3352; x_wconf 78' lang='lat' dir='ltr'>gravissimam</span> <span class='ocrx_word' id='word_1_194' title='bbox 1946 3255 2316 3328; x_wconf 88' lang='lat' dir='ltr'>literarum</span> <span class='ocrx_word' id='word_1_195' title='bbox 2349 3258 2706 3357; x_wconf 84' lang='lat' dir='ltr'>jacturam</span> <span class='ocrx_word' id='word_1_196' title='bbox 2747 3283 2898 3328; x_wconf 87' lang='lat' dir='ltr'>non</span> <span class='ocrx_word' id='word_1_197' title='bbox 2930 3273 3340 3331; x_wconf 85' lang='lat' dir='ltr'>tacuerunt.</span> <span class='ocrx_word' id='word_1_198' title='bbox 3409 3254 3952 3328; x_wconf 85' lang='lat' dir='ltr'>Illustrissimus</span> <span class='ocrx_word' id='word_1_199' title='bbox 3984 3250 4171 3344; x_wconf 80' lang='lat' dir='ltr'>Heyne.</span> 
     </span>
     <span class='ocr_line' id='line_1_22' title="bbox 1191 3378 4175 3490; baseline -0.002 -28"><span class='ocrx_word' id='word_1_200' title='bbox 1191 3378 1318 3490; x_wconf 84' lang='lat' dir='ltr'>qui</span> <span class='ocrx_word' id='word_1_201' title='bbox 1363 3390 1919 3464; x_wconf 76' lang='lat' dir='ltr'>winkelmanni</span> <span class='ocrx_word' id='word_1_202' title='bbox 1971 3390 2396 3461; x_wconf 86' lang='lat' dir='ltr'>memoriam</span> <span class='ocrx_word' id='word_1_203' title='bbox 2453 3391 2531 3461; x_wconf 88' lang='lat' dir='ltr'>in</span> <span class='ocrx_word' id='word_1_204' title='bbox 2573 3390 2967 3464; x_wconf 86' lang='lat' dir='ltr'>Germania</span> <span class='ocrx_word' id='word_1_205' title='bbox 3024 3388 3476 3487; x_wconf 83' lang='lat' dir='ltr'>panegyrico</span> <span class='ocrx_word' id='word_1_206' title='bbox 3530 3387 3999 3486; x_wconf 83' lang='lat' dir='ltr'>eloquentiae</span> <span class='ocrx_word' id='word_1_207' title='bbox 4033 3381 4175 3479; x_wconf 71' lang='lat' dir='ltr'>pletw</span> 
     </span>
     <span class='ocr_line' id='line_1_23' title="bbox 1184 3506 4177 3623; baseline -0.004 -25"><span class='ocrx_word' id='word_1_208' title='bbox 1184 3520 1740 3615; x_wconf 73' lang='lat' dir='ltr'>honestaverat,</span> <span class='ocrx_word' id='word_1_209' title='bbox 1793 3540 1870 3598; x_wconf 92' lang='lat' dir='ltr'>et</span> <span class='ocrx_word' id='word_1_210' title='bbox 1905 3540 2160 3596; x_wconf 88' lang='lat' dir='ltr'>nostro</span> <span class='ocrx_word' id='word_1_211' title='bbox 2180 3524 2699 3621; x_wconf 86' lang='lat' dir='ltr'>Archaeologo</span> <span class='ocrx_word' id='word_1_212' title='bbox 2731 3527 2923 3623; x_wconf 90' lang='lat' dir='ltr'>justa</span> <span class='ocrx_word' id='word_1_213' title='bbox 2954 3521 3443 3623; x_wconf 81' lang='lat' dir='ltr'>persolvenda</span> <span class='ocrx_word' id='word_1_214' title='bbox 3478 3521 3854 3621; x_wconf 85' lang='lat' dir='ltr'>suscepit,</span> <span class='ocrx_word' id='word_1_215' title='bbox 3904 3542 4027 3592; x_wconf 88' lang='lat' dir='ltr'>nec</span> <span class='ocrx_word' id='word_1_216' title='bbox 4058 3506 4177 3610; x_wconf 70' lang='lat' dir='ltr'>apud</span> 
     </span>
     <span class='ocr_line' id='line_1_24' title="bbox 1187 3641 4176 3757; baseline -0.002 -25"><span class='ocrx_word' id='word_1_217' title='bbox 1187 3676 1468 3733; x_wconf 86' lang='lat' dir='ltr'>exteras</span> <span class='ocrx_word' id='word_1_218' title='bbox 1509 3676 1772 3757; x_wconf 81' lang='lat' dir='ltr'>gentes</span> <span class='ocrx_word' id='word_1_219' title='bbox 1820 3657 2219 3731; x_wconf 81' lang='lat' dir='ltr'>defuerunt</span> <span class='ocrx_word' id='word_1_220' title='bbox 2257 3658 2390 3733; x_wconf 83' lang='lat' dir='ltr'>viri</span> <span class='ocrx_word' id='word_1_221' title='bbox 2430 3658 2667 3746; x_wconf 88' lang='lat' dir='ltr'>docti,</span> <span class='ocrx_word' id='word_1_222' title='bbox 2718 3658 3086 3757; x_wconf 88' lang='lat' dir='ltr'>probique</span> <span class='ocrx_word' id='word_1_223' title='bbox 3125 3656 3499 3730; x_wconf 85' lang='lat' dir='ltr'>literarum</span> <span class='ocrx_word' id='word_1_224' title='bbox 3543 3658 4067 3738; x_wconf 80' lang='lat' dir='ltr'>aestimatores,</span> <span class='ocrx_word' id='word_1_225' title='bbox 4102 3641 4176 3742; x_wconf 75' lang='lat' dir='ltr'>qui</span> 
     </span>
     <span class='ocr_line' id='line_1_25' title="bbox 1182 3778 4176 3892; baseline -0.003 -28"><span class='ocrx_word' id='word_1_226' title='bbox 1182 3791 1481 3892; x_wconf 89' lang='lat' dir='ltr'>publice</span> <span class='ocrx_word' id='word_1_227' title='bbox 1542 3793 2098 3892; x_wconf 87' lang='lat' dir='ltr'>profiterentur,</span> <span class='ocrx_word' id='word_1_228' title='bbox 2179 3810 2639 3891; x_wconf 83' lang='lat' dir='ltr'>quantopere</span> <span class='ocrx_word' id='word_1_229' title='bbox 2694 3779 2982 3865; x_wconf 75' lang='lat' dir='ltr'>Eckhel</span> <span class='ocrx_word' id='word_1_230' title='bbox 3040 3809 3293 3864; x_wconf 89' lang='lat' dir='ltr'>noster</span> <span class='ocrx_word' id='word_1_231' title='bbox 3350 3791 3445 3865; x_wconf 90' lang='lat' dir='ltr'>de</span> <span class='ocrx_word' id='word_1_232' title='bbox 3505 3790 3900 3888; x_wconf 82' lang='lat' dir='ltr'>republica</span> <span class='ocrx_word' id='word_1_233' title='bbox 3955 3778 4176 3858; x_wconf 71' lang='lat' dir='ltr'>literaria</span> 
     </span>
     <span class='ocr_line' id='line_1_26' title="bbox 1182 3919 4178 4025; baseline -0.001 -31"><span class='ocrx_word' id='word_1_234' title='bbox 1182 3924 1620 4022; x_wconf 89' lang='lat' dir='ltr'>promeritus</span> <span class='ocrx_word' id='word_1_235' title='bbox 1669 3925 1951 4000; x_wconf 81' lang='lat' dir='ltr'>fuisset.</span> <span class='ocrx_word' id='word_1_236' title='bbox 2027 3925 2257 4025; x_wconf 84' lang='lat' dir='ltr'>Cujus</span> <span class='ocrx_word' id='word_1_237' title='bbox 2299 3926 2409 3998; x_wconf 87' lang='lat' dir='ltr'>rei</span> <span class='ocrx_word' id='word_1_238' title='bbox 2456 3926 2972 4019; x_wconf 79' lang='lat' dir='ltr'>documentum</span> <span class='ocrx_word' id='word_1_239' title='bbox 3021 3925 3206 3999; x_wconf 87' lang='lat' dir='ltr'>haec</span> <span class='ocrx_word' id='word_1_240' title='bbox 3249 3925 3408 4023; x_wconf 83' lang='lat' dir='ltr'>ipsa</span> <span class='ocrx_word' id='word_1_241' title='bbox 3458 3926 3726 3997; x_wconf 87' lang='lat' dir='ltr'>notitia</span> <span class='ocrx_word' id='word_1_242' title='bbox 3781 3919 4072 3996; x_wconf 83' lang='lat' dir='ltr'>literaria</span> <span class='ocrx_word' id='word_1_243' title='bbox 4100 3928 4178 3992; x_wconf 57' lang='lat'>8⁵1,</span> 
     </span>
     <span class='ocr_line' id='line_1_27' title="bbox 1183 4047 4179 4159; baseline -0.003 -29"><span class='ocrx_word' id='word_1_244' title='bbox 1183 4083 1426 4156; x_wconf 85' lang='lat' dir='ltr'>quam,</span> <span class='ocrx_word' id='word_1_245' title='bbox 1464 4057 1836 4147; x_wconf 90' lang='lat' dir='ltr'>aMillino,</span> <span class='ocrx_word' id='word_1_246' title='bbox 1886 4058 2178 4131; x_wconf 87' lang='lat' dir='ltr'>Parisiis</span> <span class='ocrx_word' id='word_1_247' title='bbox 2224 4059 2300 4130; x_wconf 87' lang='lat' dir='ltr'>in</span> <span class='ocrx_word' id='word_1_248' title='bbox 2337 4061 2692 4134; x_wconf 85' lang='lat' dir='ltr'>societate</span> <span class='ocrx_word' id='word_1_249' title='bbox 2726 4055 3253 4159; x_wconf 82' lang='lat' dir='ltr'>philomathica</span> <span class='ocrx_word' id='word_1_250' title='bbox 3281 4059 3452 4134; x_wconf 92' lang='lat' dir='ltr'>olim</span> <span class='ocrx_word' id='word_1_251' title='bbox 3483 4058 3937 4158; x_wconf 86' lang='lat' dir='ltr'>praelectam</span> <span class='ocrx_word' id='word_1_252' title='bbox 3969 4047 4179 4128; x_wconf 75' lang='lat' dir='ltr'>exid&#39;xo·</span> 
     </span>
     <span class='ocr_line' id='line_1_28' title="bbox 1178 4191 4180 4294; baseline -0.001 -28"><span class='ocrx_word' id='word_1_253' title='bbox 1178 4210 1368 4266; x_wconf 85' lang='lat' dir='ltr'>mate</span> <span class='ocrx_word' id='word_1_254' title='bbox 1413 4192 1700 4267; x_wconf 88' lang='lat' dir='ltr'>Gallico</span> <span class='ocrx_word' id='word_1_255' title='bbox 1742 4193 1969 4265; x_wconf 86' lang='lat' dir='ltr'>latine</span> <span class='ocrx_word' id='word_1_256' title='bbox 2010 4191 2322 4266; x_wconf 88' lang='lat' dir='ltr'>reddere</span> <span class='ocrx_word' id='word_1_257' title='bbox 2373 4212 2450 4267; x_wconf 87' lang='lat' dir='ltr'>et</span> <span class='ocrx_word' id='word_1_258' title='bbox 2495 4193 2700 4267; x_wconf 89' lang='lat' dir='ltr'>hisce</span> <span class='ocrx_word' id='word_1_259' title='bbox 2738 4194 3278 4270; x_wconf 83' lang='lat' dir='ltr'>Additamentis</span> <span class='ocrx_word' id='word_1_260' title='bbox 3317 4192 3731 4294; x_wconf 85' lang='lat' dir='ltr'>praefigere</span> <span class='ocrx_word' id='word_1_261' title='bbox 3782 4213 4040 4294; x_wconf 88' lang='lat' dir='ltr'>operae</span> <span class='ocrx_word' id='word_1_262' title='bbox 4077 4203 4180 4281; x_wconf 68' lang='lat' dir='ltr'>pre·</span> 
     </span>
     <span class='ocr_line' id='line_1_29' title="bbox 1176 4328 2698 4410; baseline 0.001 -11"><span class='ocrx_word' id='word_1_263' title='bbox 1176 4328 1364 4400; x_wconf 87' lang='lat' dir='ltr'>tium</span> <span class='ocrx_word' id='word_1_264' title='bbox 1407 4328 1635 4402; x_wconf 83' lang='lat' dir='ltr'>visum</span> <span class='ocrx_word' id='word_1_265' title='bbox 1679 4344 1814 4401; x_wconf 88' lang='lat' dir='ltr'>est.</span> <span class='ocrx_word' id='word_1_266' title='bbox 2621 4369 2698 4410; x_wconf 52' lang='lat' dir='ltr'>fr</span> 
     </span>
    </p>

    <p class='ocr_par' dir='ltr' id='par_1_4' title="bbox 1371 4459 2871 4560">
     <span class='ocr_line' id='line_1_30' title="bbox 1371 4459 2871 4560; baseline -0.003 -24"><span class='ocrx_word' id='word_1_267' title='bbox 1371 4461 1864 4536; x_wconf 87' lang='lat' dir='ltr'>Vindobonae</span> <span class='ocrx_word' id='word_1_268' title='bbox 1909 4459 2256 4538; x_wconf 83' lang='lat' dir='ltr'>Calendis</span> <span class='ocrx_word' id='word_1_269' title='bbox 2302 4461 2616 4560; x_wconf 79' lang='lat' dir='ltr'>Augusti</span> <span class='ocrx_word' id='word_1_270' title='bbox 2671 4470 2871 4546; x_wconf 73' lang='lat'><strong>1826.</strong></span> 
     </span>
    </p>
   </div>
   <div class='ocr_carea' id='block_1_3' title="bbox 4258 4104 4261 4644">
    <p class='ocr_par' dir='ltr' id='par_1_5' title="bbox 4258 4104 4261 4644">
     <span class='ocr_line' id='line_1_31' title="bbox 4258 4104 4261 4644; baseline 0 0"><span class='ocrx_word' id='word_1_271' title='bbox 4258 4104 4261 4644; x_wconf 95' lang='lat' dir='ltr'> </span> 
     </span>
    </p>
   </div>
  </div>
 </body>
</html>
