4388 5576
1005 498 1156 584 94²

1963 462 2934 555 ,CONSTANTINVS
3020 460 3117 542 M.

1012 661 1413 753 post—*victos
1457 652 1722 716 demum
1766 648 2056 713 aemulos
2097 643 2506 714 Maxentium
2620 652 2847 736 potuit.
2933 653 3186 719 Verum
3233 647 3374 731 quis
3415 646 3817 710 Harduinum
3863 645 4093 730 docuit,

1016 779 1087 833 et
1119 761 1444 828 Licinium
1481 775 1625 818 sese
1660 752 1958 820 Flavium
1986 753 2349 839 appellasse
2382 755 2461 834 a),

1423 974 1472 1038 τι
1550 964 1680 1022 Ma
1696 980 1745 1022 a·
1763 961 1791 1020 ι’
1804 976 1928 1020 Μ
1943 977 1996 1019 s.

1153 1166 1510 1232 Maximum
1555 1182 1627 1225 se
1676 1161 1913 1244 passim
1963 1159 2031 1218 in
2090 1157 2311 1219 nnmis
2354 1154 2516 1217 dixit

1029 1269 1506 1339 Constantinus.
1565 1266 1737 1324 Eum
1781 1262 1875 1324 sic
1919 1273 2218 1327 vocatum
2265 1259 2519 1340 dejerat

1028 1373 1440 1442 Harduinus,
1513 1385 1645 1427 non
1708 1377 2008 1447 tanquam
2075 1363 2337 1424 nomine
2402 1361 2518 1422 ho·

1031 1477 1342 1550 noritico,
1387 1467 1507 1534 sed
1553 1488 1637 1529 ex
1671 1479 1898 1529 vetere
1936 1462 2328 1546 cognomine
2366 1479 2522 1544 gen-

1033 1580 1122 1641 tis
1172 1575 1516 1648 Valeriae,
1566 1589 1651 1632 ex
1711 1588 1835 1651 qua
1894 1581 2108 1630 ortum
2164 1564 2525 1626 Constanti·

1033 1704 1186 1745 num
1226 1680 1368 1760 ipse
1405 1693 1570 1736 unns
1608 1669 1791 1733 novit
1819 1665 1906 1748 1²).
1969 1668 2302 1730 lobertum
2348 1665 2523 1726 idem

1033 1783 1181 1849 cum
1217 1776 1559 1841 Hal-duino
1595 1769 1982 1834 sentientem
2018 1768 2358 1851 praeclare
2395 1767 2525 1848 jam

1031 1881 1340 1950 refutavit
1404 1875 1750 1939 Bimardus
1795 1873 1875 1953 e).
1962 1872 2068 1946 Si,
2130 1871 2376 1952 inquit,
2437 1866 2529 1927 fa-

1039 1986 1258 2051 miliae
1312 2000 1551 2043 nomen
1596 1976 1721 2038 fuit
1771 1975 2130 2047 Maximus,
2194 1990 2313 2031 cur
2361 1966 2527 2029 illud

1038 2110 1169 2151 non
1204 2085 1450 2168 legitur
1483 2093 1590 2142 aut
1620 2079 1687 2138 in
1719 2077 1932 2137 numia
1981 2073 2181 2155 patris
2220 2071 2531 2131 Constan-

1040 2192 1149 2265 tii,
1212 2200 1317 2249 aut
1369 2182 1591 2244 matris
1638 2175 1982 2239 Helenae?
2039 2187 2150 2236 aut
2197 2192 2315 2234 cur
2363 2166 2529 2230 illud

1038 2312 1174 2354 non
1239 2281 1595 2350 transmisit
1654 2291 1931 2364 quatuor
1993 2275 2124 2337 suis
2198 2272 2386 2349 filiis,
2462 2270 2531 2331 in

881 2383 910 2394 ¹
1018 2387 1320 2477 'quorum
1372 2394 1635 2447 moneta
1681 2396 1924 2442 nomen
1981 2374 2148 2437 illud
2202 2394 2530 2458 nunquam

1041 2487 1376 2558 occurrit?
1436 2480 1667 2557 Addo,
1722 2481 1776 2541 si
1827 2498 2067 2541 nomen
2124 2477 2299 2539 istud
2349 2474 2531 2538 fami-

1038 2594 1166 2657 liae
1213 2590 1445 2651 fuisset
1489 2583 1863 2668 proprium,
1903 2579 2337 2663 praecederet
2373 2597 2529 2640 sane

1038 2671 1304 2760 nomen‘
1344 2684 1778 2759 Constantini,
1845 2682 2315 2766 legereturque
2374 2678 2532 2742 scri-

1036 2811 1255 2883 ptum:
1317 2792 1530 2857 MAX.
1587 2782 2302 2858 CONSTANTINVS,
2347 2796 2418 2844 ut
2460 2780 2529 2843 in

1037 2902 1211 2967 aliis:
1310 2894 1439 2955 FL.
1531 2890 1734 2957 VAL.
1823 2884 2527 2959 CONSTANTINVS,

1037 3003 1185 3085 quia
1251 3007 1455 3060 tracta
1521 3013 1634 3055 ex.
1679 2989 1942 3053 familiis
2016 2987 2279 3049 nomina
2345 3005 2530 3068 prae·

1036 3102 1282 3166 cedere
1323 3113 1587 3179 semper
1630 3093 1876 3167 solent,
1921 3104 1986 3153 at
2034 3091 2219 3173 sequi
2268 3089 2531 3153 honori·

1035 3202 1181 3267 fica.
1229 3202 1337 3263 Sic
1379 3216 1703 3277 nunquam
1747 3192 2029 3277 legiturz
2087 3193 2291 3257 GER.
2329 3193 2527 3255 DAC.

1033 3305 1293 3367 PART.
1364 3295 1842 3371 TRAIANVS,
1923 3294 2031 3357 vel
2101 3295 2316 3363 PIVS.
2385 3296 2530 3356 FE-

1031 3406 1207 3468 LIX.
1270 3398 1809 3473 COMMODVS,
1873 3396 1992 3458 sed
2059 3398 2526 3465 TRAIANVS.

1032 3510 1233 3571 GER.
1302 3502 1500 3565 DAC.
1570 3501 1856 3574 PART„
1935 3498 2044 3562 vel
2102 3497 2527 3561 TRAIANO.

1033 3605 1416 3683 oP'rmo,
1470 3617 1538 3667 et
1571 3601 2102 3667 COMMODVS.
2135 3602 2352 3671 PlVS·
2385 3586 2559 3661 ΓΕ.

1027 3714 1201 3774 le.
1258 3723 1385 3771 eto.
1479 3703 1675 3796 Quod
1730 3703 1818 3764 ait
1873 3702 2289 3776 Harduinus,
2360 3703 2531 3767 veri..

1030 3813 1242 3876 simile
1276 3827 1409 3870 non
1442 3825 1591 3868 esse
1613 3849 1630 3879 ,
1670 3803 2164 3865 Constantinum
2198 3803 2406 3865 adhue
2432 3805 2533 3887 ju·

1033 3932 1267 3979 venem
1309 3905 1595 3991 superbo
1645 3905 1913 3965 Maximi
1954 3904 2216 3965 nomine
2255 3925 2527 3967 usurum

1026 4015 1265 4088 fuisse,
1318 4012 1480 4093 ajo,·
1520 4007 1735 4069 minus
1797 4006 1972 4068 istud
2020 4007 2256 4065 mirum
2315 4005 2528 4068 videri

1029 4118 1096 4181 in
1149 4136 1227 4180 ea
1269 4110 1516 4177 saeculi
1560 4110 1752 4193 hujus
1798 4109 2168 4190 arrogantia
2219 4122 2286 4170 et
2327 4107 2532 4172 licen-

1028 4218 1148 4293 tia,
1205 4214 1471 4301 quando
1534 4225 1742 4275 stante
1807 4213 2017 4274 adhuc
2066 4210 2405 4295 republica
2462 4225 2529 4274 et

1031 4321 1319 4387 coercita
1404 4316 1664 4401 legibus
1744 4314 2097 4377 ambitione
2173 4312 2529 4394 Pompeius

1032 4422 1545 4506 peradolescens
1583 4418 1807 4500 Magni
1853 4434 2095 4479 nomen
2131 4414 2257 4478 sibi
2298 4434 2556 4497 parare,

2622 751 3116 815 Constantinum
3166 764 3337 826 tum,
3399 770 3547 812 cnm
3596 747 3722 813 hoc
3771 753 3958 817 titulo
4005 751 4095 818 uti

2624 852 2879 936 coepit,
2970 866 3097 914 tam
3187 851 3398 916 adhuc
3477 853 3787 935 juvenem
3860 854 4095 920 fuisse?

2626 957 2898 1031 Vultus,
2961 956 3200 1039 inquit,
3266 955 3331 1014 in
3387 956 3601 1016 numis
3645 956 3739 1016 sic
3783 957 4096 1040 inscriptis

2626 1058 3037 1121 lineamenta.
3083 1056 3238 1120 Pol!
3288 1057 3606 1137 praeclari
3642 1056 3924 1144 judices,
3969 1059 4100 1140 qui·

2628 1160 2779 1234 bus,
2823 1159 3177 1243 praecipue
3236 1158 3302 1232 in
3360 1157 3551 1239 hujus
3603 1157 3839 1235 aetatis
3877 1160 4098 1224 artium

2629 1261 3084 1346 prolapsione,
3143 1261 3277 1321 litis
3338 1259 3526 1337 hujus
3580 1258 3916 1322 arbitrium
3966 1280 4107 1345 per·

2633 1363 2869 1426 mittas.
2916 1362 3048 1423 Se'd
3084 1375 3151 1423 et
3182 1361 3421 1441 Pagius
3461 1360 3946 1423 Constantinum
3982 1345 4118 1442 jam⁰
4248 1406 4261 1419 .

2637 1466 2718 1532 V.
2752 1465 2823 1527 C.
2864 1467 3026 1538 1004
3060 1464 3129 1524 P.
3159 1464 3240 1521 X.
3276 1463 3393 1525 311
3429 1460 3630 1524 fuisse
3661 1463 3730 1522 in
3766 1464 3972 1525 numis
4005 1484 4106 1528 vo-

2638 1579 2853 1629 catum
2877 1566 3232 1626 Maximum
3258 1563 3498 1626 adserit
3527 1563 3613 1645 d).
3632 1562 3803 1657 -Quo
3832 1566 3942 1628 ille
3969 1547 4107 1630 nisus

2640 1666 3002 1750 sponsore?
3059 1686 3293 1741 numo,
3355 1665 3594 1748 inquit,
3657 1688 3861 1729 aureo
3916 1681 3979 1729 et
4021 1689 4111 1729 ar·

2641 1782 2919 1851 genteo,
2962 1767 3026 1827 in
3063 1787 3338 1850 quorum
3372 1768 3579 1830 antica
3616 1768 3897 1850 legiturz
3945 1770 4109 1833 IMP.

2642 1869 3338 1933 CONSTANTINVS.
3385 1871 3597 1932 MAX.
3655 1870 3731 1932 P.
3775 1872 3849 1934 F.
3893 1869 4113 1944 Avo..

2641 1972 2707 2033 in
2744 1992 2974 2035 aversa
3012 1971 3307 2037 VOTIS.
3354 1972 3430 2038 V.
3480 1973 3757 2037 MVLT.
3801 1973 3916 2049 X„
3959 1990 4109 2054 quae

2641 2086 2791 2137 vota
2854 2074 3111 2135 laudato
3166 2093 3337 2134 anno
3402 2088 3703 2156 suscepta
3772 2073 3966 2135 fuisse
4014 2072 4110 2134 ait.

2643 2175 2896 2241 Verum
2958 2172 3132 2236 unde
3202 2175 3323 2236 hos
3386 2195 3616 2237 numos
3690 2175 3940 2237 hausit?
4019 2173 4114 2233 Ex

2592 2275 3106 2352 ,Mediobm-bo,
3167 2279 3513 2358 praeclaro
3580 2290 3647 2339 et
3712 2277 3837 2339 hoc
3891 2273 4111 2357 judice.

2647 2377 2831 2469 Quos
2876 2397 3038 2461 ego,
3099 2391 3167 2438 et
3219 2377 3584 2452 Bandurius
3631 2377 3826 2459 hujus
3871 2376 4114 2459 generis

2644 2477 3250 2554 numosanovimum
3293 2482 3358 2538 in
3394 2482 3599 2543 antica
3631 2477 4112 2552 titulumMAX.

2647 2601 2874 2644 omnes
2917 2581 3239 2658 omittunt.
3285 2581 3544 2642 Primus
3580 2569 3825 2646 numus·
3859 2583 4113 2656 chrono-

2644 2684 2933 2768 logicus,
2993 2681 3105 2765 qui
3151 2682 3290 2763 ejus
3340 2683 3609 2747 honoris
3667 2686 3983 2757 meminit,
4027 2693 4115 2743 est

2642 2788 2732 2863 is,
2780 2806 2976 2871 quem
3010 2783 3076 2844 in
3108 2784 3247 2865 ejus
3280 2785 3618 2848 consulatu
3652 2791 3765 2855 lv.
3799 2783 4117 2867 descripsi,

2644 2910 2839 2975 que-m
2877 2886 3062 2949 inivit
3100 2887 3183 2952 V.
3216 2888 3303 2953 C..
3331 2889 3490 2952 1068
3529 2890 3604 2953 P.
3623 2891 3711 2957 X,
3750 2892 3894 2954 3ι5.
3971 2889 4117 2950 Can·

2644 3013 2714 3054 sa
2755 2989 3040 3074 suscepti
3080 2989 3221 3068 ejus
3262 2990 3430 3051 tituli
3477 2992 3981 3074 aut·generatim
4016 2988 4117 3051 tri·

2642 3091 2900 3155 bnenda
2941 3103 3041 3153 est
3076 3104 3270 3153 notae
3310 3093 3448 3173 ejus
3492 3093 3809 3177 principis
3845 3089 4117 3154 ambitio·

2642 3196 2750 3272 ni,
2796 3208 2904 3256 aut
2939 3194 3431 3281 quiaprivadtim
3476 3195 3856 3259 Alexandro
3896 3196 3982 3256 M.
4020 3208 4117 3253 vo·

2625 3282 2822 3359 'lebat
2867 3297 3096 3358 similis
3134 3294 3379 3369 videri,
3426 3295 3507 3359 de
3545 3318 3673 3379 qua
3714 3297 3852 3378 ejus
3899 3290 4115 3356 vanita-
4218 3342 4219 3349 κ

2646 3411 2711 3460 te
2751 3398 2859 3481 egi
2903 3418 3097 3480 supra
3129 3397 3196 3456 in
3233 3398 3446 3458 numis
3480 3399 3663 3480 vagis
3704 3396 3822 3463 sub
3862 3392 4120 3459 initium.

3044 3606 3353 3684 PonteYeoe
3394 3609 3743 3669 maximus.
3806 3650 3811 3655 -

2770 3800 3045 3869 Exstant
3076 3806 3495 3871 ‘Constantini
3542 3808 3761 3872 nostri
3809 3803 4019 3880 numi,
4056 3801 4114 3860 iu

2645 3905 2878 3989 quibus
2940 3909 3347 3992 pontificatus
3407 3911 3671 3973 maximi
3733 3910 3807 3971 fit
3846 3902 4119 3975 'mentio,

2644 4029 2842 4089 quem
2899 4027 3304 4092 postremum
3367 4010 3598 4093 legere
3661 4027 3762 4075 est
3816 4011 3880 4071 in
3933 4021 4118 4067 numo

2643 4111 2794 4174 anni
2829 4112 2909 4177 V.
2946 4113 3020 4177 C.
3065 4114 3221 4195 1073
3266 4115 3340 4175 P.
3377 4116 3459 4175 X.
3500 4116 3666 4190 320,
3713 4127 3784 4177 ut
3824 4114 3971 4174 loco
4011 4121 4120 4169 suo

2642 4211 2943 4277 vidimus.
3033 4218 3179 4280 Non
3243 4228 3457 4279 tamen
3523 4215 3774 4278 obstitit
3833 4208 4125 4278 Christian<

2643 4336 2724 4377 na
2779 4316 3054 4398 religio,
3116 4339 3245 4401 quo
3306 4320 3518 4380 minus
3576 4318 3786 4382 secuti
3836 4310 4121 4398 proxime

2643 4417 3079 4499 imperatores
3123 4420 3457 4505 pontificia
3499 4421 3616 4484 bac
3642 4416 3982 4503 'potestate
4024 4408 4122 4475 ad·
4250 4466 4253 4469 ,

1034 4552 4120 4590 ——————————-——-————‘———————-——-——-——-—--

1115 4656 1178 4725 a)
1212 4649 1425 4709 Annal.
1464 4648 1531 4706 L.
1572 4648 1735 4707 XIII.
1775 4668 1824 4704 c.
1863 4658 1916 4707 2.

1038 4747 1255 4808 Baron.
1295 4741 1376 4800 ad
1412 4757 1547 4801 nnn.
1586 4735 1726 4799 Chr.
1765 4746 1893 4804 311.
1933 4739 1986 4813 9.
2025 4749 2084 4812 9.

2040 4645 2110 4719 b>
2150 4647 2317 4727 Opp.
2356 4646 2459 4707 sel.
2497 4668 2557 4725 p.
2595 4657 2724 4716 431.

2861 4651 2923 4724 c)
2964 4648 3043 4709 ad
3079 4649 3297 4711 lobert.
3336 4654 3401 4711 T.
3443 4652 3487 4712 1.
3526 4674 3586 4730 p.
3627 4660 3753 4714 280.
3881 4645 3948 4722 d)
3984 4637 4127 4705 Crit.
