4388 5576
1190 568 1281 639 ila.

1188 723 1367 788 Istud
1402 724 1524 789 viri
1545 718 1799 791 ‚eruditi
1832 717 2144 804 judicium
2177 716 2318 800 ejus
2356 729 2455 780 est
2481 734 2677 800 gene-

1186 830 1314 904 ris,
1361 842 1432 890 ut
1470 840 1694 910 suapte
1737 843 1883 885 sese
1921 818 2230 885 continuo
2267 816 2503 882 offerat
2544 840 2674 880 om-

1186 928 1375 991 nibus
1422 929 1535 1004 iis,
1589 926 1700 1011 qui
1750 924 1817 1015 in
1864 921 2257 1007 populorum
2301 921 2675 984 Italicorum

1188 1030 1529 1113 alphabeta
1569 1026 1936 1111 inquirunt,
1984 1045 2198 1109 neque
2243 1022 2678 1106 exspectanda

1181 1131 1373 1193 fuere
1395 1129 1677 1212 denique
1700 1127 1966 1190 Sestinii
1982 1141 2303 1211 tempore,
2329 1144 2492 1208 quae
2512 1122 2678 1187 hanc

1184 1232 1400 1297 facem
1436 1220 1873 1313 praeferrent.

1314 1334 1449 1395 Cur
1478 1352 1641 1416 ergo
1674 1345 1782 1395 aut
1815 1344 2152 1414 egerant,
2186 1329 2297 1414 qui
2330 1328 2397 1389 in
2425 1327 2551 1391 hoc
2582 1350 2681 1390 ar·

1187 1447 1497 1522 gumento
1554 1446 1727 1498 tanta
1776 1453 1924 1496 cum
1970 1430 2164 1493 laude
2213 1444 2509 1495 versatus
2561 1442 2680 1507 est,

1188 1537 1315 1600 cel.
1350 1534 1633 1599 Lanzius
1683 1533 2042 1617 parabilem
2085 1532 2252 1595 hanc
2297 1530 2681 1595 sententiam

1150 1682 1163 1690 -
1184 1637 1643 1720 negleximus?
1678 1636 1806 1703 Vel
1837 1635 1998 1699 haec
2028 1657 2153 1698 una
2186 1655 2377 1704 causa
2400 1633 2681 1708 suffecit,

1189 1736 1371 1824 quod
1398 1740 1631 1802 idonea
1663 1740 1798 1807 visa
1832 1759 1963 1799 uon
1998 1751 2120 1801 est.
2168 1734 2365 1830 Quod
2396 1734 2569 1797 enim
2598 1731 2693 1796 ait

1190 1840 1547 1917 Sestinius,
1600 1837 1689 1903 M
1722 1862 1844 1924 pro
1878 1833 1945 1899 Σ
1989 1838 2128 1921 legi
2170 1839 2235 1898 in
2279 1836 2525 1913 numis,
2590 1835 2686 1896 in-

1174 1941 1624 2025 telligendum
1653 1956 1893 2004 tantum
1929 1954 2026 2003 est
2056 1941 2137 2003 de
2166 1940 2377 2002 numis
2402 1939 2686 2001 Graeco·

1185 2066 1334 2109 rum
1371 2043 1859 2127 antiquissimis,
1906 2062 1980 2105 ac
2021 2042 2165 2104 fere
2201 2055 2446 2104 tantum
2481 2041 2685 2104 Grae-

1191 2145 1329 2208 ciae
1364 2167 1670 2228 magnae,
1713 2146 1794 2208 de
1831 2166 1960 2228 quo
1994 2144 2248 2228 egimus
2282 2142 2456 2207 alibi.
2493 2144 2684 2223 (Pro-

1186 2248 1322 2330 leg.
1359 2268 1513 2329 gen.
1551 2269 1617 2330 p.
1652 2248 1785 2327 CI.)
1843 2246 1931 2307 At
1971 2246 2148 2307 numi
2185 2244 2549 2328 praesentis
2586 2264 2684 2305 ar-

1190 2349 1484 2434 gumenti
1514 2369 1660 2412 cum
1694 2347 2152 2419 terminatione
2184 2347 2251 2407 in
2284 2343 2433 2409 ΟΜ
2465 2365 2542 2407 ea
2574 2343 2686 2406 de-

1188 2452 1389 2533 nique
1425 2464 1634 2513 aetate
1666 2448 1805 2513 cusi
1829 2463 1995 2526 sunt,
2026 2470 2151 2533 qua
2184 2447 2292 2513 vel
2325 2447 2448 2530 ipsi
2477 2446 2679 2508 Grae-

1188 2552 1253 2615 ci
1300 2553 1576 2615 sormam
1621 2550 1709 2614 M
1753 2573 1875 2636 pro
1919 2547 1986 2611 Σ
2029 2552 2155 2634 jam
2202 2549 2458 2632 pridem
2506 2548 2681 2632 abje-

1185 2675 1364 2718 cere.
1408 2656 1638 2737 Neque
1670 2652 1951 2736 probare
1984 2651 2261 2737 possim,
2295 2648 2383 2713 M
2410 2649 2583 2713 istud
2615 2649 2681 2710 in

1188 2757 1293 2818 his
1338 2756 1548 2817 numis
1595 2775 1742 2817 esse
1790 2756 1834 2836 S
1877 2758 2246 2828 Etruscum.
2303 2755 2504 2815 Plura
2547 2751 2684 2836 qui-

1194 2857 1347 2918 dem
1409 2856 1711 2937 exempla
1777 2856 2048 2939 collegit
2103 2853 2385 2916 Lanzius
2408 2899 2426 2931 ,
2490 2854 2684 2917 etiam

1192 2960 1468 3020 formam
1502 2954 1591 3016 M
1624 2956 1920 3018 Etruscis
1959 2976 2420 3040 nonnunquam
2466 2976 2589 3038 pro
2638 2956 2681 3018 S

1190 3058 1494 3122 valuisse.
1554 3056 1828 3140 (Saggio
1877 3060 1953 3121 T.
1983 3060 2033 3121 Ι.
2081 3079 2145 3139 p.
2178 3061 2354 3140 ειη.)
2403 3059 2492 3119 At
2541 3065 2683 3120 cer-

1192 3175 1332 3223 tum
1381 3174 1481 3223 est
1520 3160 1750 3248 etiam,
1801 3157 1975 3220 inter
2011 3159 2313 3236 Latinos,
2366 3159 2681 3236 VolscOS,

1200 3264 1450 3341 Oscos,
1490 3280 1880 3344 omnemque
1918 3281 2069 3323 eum
2108 3273 2417 3337 tractum,
2451 3261 2518 3323 in
2552 3283 2682 3346 quo

1193 3363 1379 3426 numi
1412 3364 1656 3426 similes
1688 3361 1919 3445 signati
1951 3376 2130 3439 sunt,
2163 3360 2253 3422 M
2280 3383 2541 3445 semper
2577 3364 2683 3426 ha·

1193 3466 1416 3530 buisse
1473 3465 1766 3531 valorem
1820 3467 1890 3525 M
1943 3464 2177 3525 Latini.
2243 3464 2402 3545 Ejus
2463 3464 2685 3546 legem

1191 3582 1437 3631 certam
1476 3565 1888 3650 suppeditant
1921 3565 2215 3647 pondera
2252 3565 2686 3658 quadrilatera

1195 3691 1345 3733 cum
1382 3669 1740 3753 epigraphe
1775 3667 2267 3744 ROMANOM,
2307 3689 2434 3750 quo
2478 3664 2545 3729 in
2585 3688 2694 3731 vo-

1195 3770 1453 3847 cabulo,
1484 3771 1631 3856 quia
1650 3770 1842 3833 litera
1862 3771 2056 3832 tertia
2089 3770 2230 3831 sine
2256 3769 2452 3834 dubio
2480 3784 2578 3833 est
2598 3774 2690 3847 M,

1198 3893 1472 3936 necesse
1506 3872 1698 3954 plane
1733 3885 1865 3944 est,
1903 3872 2192 3933 ultimam
2232 3893 2490 3959 quoque
2527 3874 2695 3956 ejus-

1199 3976 1350 4038 dem
1408 3993 1553 4036 esse
1599 3970 1956 4055 potentiae.
2013 3974 2266 4040 ‘Verum
2318 3974 2692 4045 Secundum

1196 4076 1439 4152 dictata,
1464 4072 1728 4136 Sestinii
1760 4093 1836 4136 ea
1874 4094 2001 4136 vox
2039 4076 2526 4156 pronuncianda
2553 4097 2688 4139 non

1193 4179 1322 4247 erit
1368 4180 1765 4253 Remanent,
1817 4172 1935 4237 sed
1966 4167 2302 4242 'Ros-anos.
2362 4182 2434 4241 In
2473 4178 2692 4258 tabula

1196 4301 1399 4346 aenea
1443 4279 1687 4345 Volsce
1729 4269 2072 4361 inscripta,
2128 4301 2319 4365 quam
2359 4281 2495 4343 aeri
2532 4282 2692 4346 inci-

1194 4403 1330 4448 sam
1369 4379 1641 4443 eruditis
1671 4378 1904 4441 obtulit
1935 4399 2062 4445 em.
2095 4381 2285 4445 Card.
2312 4382 2586 4465 Borgia‚
2619 4398 2696 4458 et„

1201 4482 1530 4565 explicare
1568 4481 1837 4544 tentavit
1870 4482 2155 4545 Lanzius
2194 4484 2468 4567 (Saggio
2492 4487 2577 4570 ‚T.
2611 4488 2690 4551 11.

1195 4584 1489 4667 poio),
1561 4583 1905 4665 aliquoties
1966 4599 2320 4648 occurrunt
2376 4587 2693 4652 vocabula

1196 4688 1262 4747 in
1303 4685 1439 4747 OM
1483 4682 1883 4761 desinentia,
1938 4686 2029 4748 sic
2070 4699 2139 4747 ut
2183 4709 2253 4747 το
2291 4684 2380 4748 Μ
2432 4703 2685 4751 certum

1192 4788 1520 4861 valorem,
1555 4786 1815 4869 qualem
1845 4785 2016 4871 apud
2046 4789 2343 4867 Latinos,
2378 4787 2688 4867 obtineat,

2250 541 3117 618 'ADDENDA

2792 738 2855 780 v.
2926 733 2986 778 c.
3065 709 3648 788 VELESTROM,
3730 711 4143 787 sams'rnou,

2792 814 3140 888 FEROM3
3195 835 3344 880 nam
3390 812 3685 880 videmus
3724 812 3788 874 in
3825 835 3935 878 uno
3970 815 4148 878 eodem·

2793 939 2919 1003 que
2959 916 3574 982 voeabulocertum
3619 916 3665 977 S
3707 915 3821 979 alia
3857 916 4026 979 forma
4053 937 4144 978 exa·

2790 1034 3022 1109 ratum.
3081 1018 3386 1102 Denique
3434 1017 3492 1079 si
3533 1017 3603 1078 in
3654 1018 3972 1080 Samnitum
4005 1019 4146 1099 lingua

2791 1121 2994 1187 verba
3044 1119 3361 1204 quaedam
3413 1132 3734 1205 poterant⁸
3781 1119 3942 1181 exire
3983 1120 4034 1181 in
4063 1122 4142 1190 m,

2791 1247 2854 1291 v.
2883 1244 2939 1286 c.
2972 1225 3041 1284 in
3078 1222 3468 1309 SAE1N1M‚
3503 1220 3755 1297 nescio,
3785 1241 3892 1284 cur
3919 1241 4015 1304 pro
4039 1222 4145 1284 varia

2793 1326 3156 1393 vicinarum
3219 1323 3512 1405 gentium
3576 1322 3879 1398 dialecto,
3937 1320 4145 1387 vocabula

2796 1431 2923 1495 alia
2953 1427 3258 1493 desinere
3295 1425 3366 1489 in
3396 1424 3534 1489 ΟΜ
3565 1445 3699 1488 non
3732 1425 4034 1511 potuerint.

3060 1635 3133 1696 P.
3164 1639 3304 1708 ¹4¹·
3344 1614 3472 1695 σοὶ.
3497 1653 3551 1697 ι.
3584 1644 3743 1714 post
3772 1632 3884 1693 lin.
3903 1628 3987 1691 23.

3177 1783 3904 1852 ASCVLVM.

2924 1922 3099 1986 Urbs
3123 1894 3422 2009 ⁴Apuliae
3467 1923 3945 1987 mediterranea.
3987 1919 4063 1980 En
4087 1915 4152 1978 tihi

2798 2047 3067 2088 numum
3100 2050 3135 2089 a
3172 2025 3434 2089 Sestino
3469 2024 3599 2090 huc
3629 2039 3930 2090 vocatum.
3961 2024 4152 2105 (Leuere

2800 2132 2881 2195 T.
2909 2131 2992 2196 V.
3028 2150 3093 2211 p.
3119 2128 3452 2209 XXXVI.)

2933 2250 3149 2331 Caput
3196 2249 3505 2310 Herculis
3546 2247 3889 2310 barbatum
3923 2244 4056 2328 pelle
4085 2243 4156 2301 leo-

2797 2353 2906 2413 nis
2955 2359 3226 2412 tectum.
3286 2346 3334 2407 32
3384 2345 3702 2414 ΥΧ]λΑ
3755 2349 4018 2414 Victoria
4052 2358 4157 2404 stans

2793 2454 2855 2515 d.
2891 2451 3159 2532 palmae
3188 2470 3446 2512 ramum
3479 2455 3850 2535 contingit,
3894 2450 3940 2511 ⁴1.
3971 2459 4154 2510 extensa

2800 2553 2939 2614 AE.
2972 2554 3082 2615 111.

2924 2652 3037 2715 Ait
3067 2651 3169 2717 vir
3207 2649 3532 2730 eruditus,
3563 2651 3687 2715 has
3726 2649 4062 2737 epigraphes
4084 2645 4162 2706 lite·
4239 2654 4240 2673 ¹

2798 2776 2903 2820 ras
2953 2775 3098 2819 esse
3152 2754 3446 2822 Graecas
3487 2739 3877 2840 antiquatas,
3911 2769 4166 2836 easquere·

2801 2856 3146 2921 solvendas
3165 2857 3452 2940 legendo
3468 2856 3861 2940 retrograde
3881 2856 3942 2917 in
3955 2850 4164 2920 nsok,

2802 2959 2976 3045 quod
3023 2973 3121 3022 est
3147 2981 3272 3042 per
3314 2959 3711 3022 metathesin
3746 2980 3867 3042 pro
3895 2952 4165 3023 AvchL,

2799 3084 2944 3125 esse
2979 3061 3144 3125 adeo
3177 3082 3444 3123 numum
3480 3060 3660 3124 hunc
3696 3060 3917 3124 Asculi
3941 3054 4169 3142 Apuliae·

2797 3165 2980 3228 bello
3016 3184 3160 3227 cum
3194 3162 3453 3246 Pyrrho
3492 3162 3786 3248 ejusque
3811 3163 3900 3223 ibi
3926 3160 4069 3224 clade
4086 3173 4170 3232 cog·

2797 3267 2955 3342 niti,
3001 3280 3068 3328 et
3118 3265 3292 3333 forte
3347 3285 3493 3328 esse
3540 3285 3865 3332 coaevum
3905 3262 4030 3326 huic
4064 3253 4174 3338 Epiri

2797 3369 2983 3452 regi,
3015 3367 3321 3430 nimirum
3377 3381 3531 3450 typo
3571 3367 3908 3435 Victoriae
3947 3364 4013 3427 ad
4037 3363 4176 3421 Rom·

2765 3491 3037 3542 ¹norum
3083 3469 3430 3533 victoriam
3475 3468 3864 3535 adl‘udente.
3918 3469 4065 3530 Haec
4102 3459 4179 3522 ille·

2804 3571 2953 3663 Quo
3010 3571 3078 3632 in
3140 3571 3483 3635 ratiocinio
3540 3573 3677 3655 jam
3736 3570 3906 3634 istud
3941 3566 4179 3650 displicet,

2809 3673 2988 3757 quod
3031 3672 3437 3757 epigraphen
3471 3687 3782 3736 constare
3825 3671 4014 3735 literis
4048 3683 4186 3751 pervc-

2756 3792 2760 3796 ·
2807 3774 2995 3837 tastis
3038 3773 3624 3852 Graecis,'deinde
3662 3774 3996 3858 antiquatis
4021 3763 4182 3833 adserit.

2807 3878 3072 3940 Litcrae
3101 3878 3423 3942 secundae
3461 3878 3717 3955 forma,
3749 3898 3958 3959 quam
3971 3875 4064 3935 ille
4095 3864 4189 3952 posi·

2807 3993 2937 4049 tam
2980 4001 3104 4062 pro
3136 3980 3200 4047 V
3234 3982 3343 4044 vel
3377 3976 3439 4041 T
3481 3999 3878 4062 graecorum
3906 3976 4013 4047 ait,
4043 3965 4188 4033 innul-

2804 4080 2871 4143 lo
2922 4101 3122 4143 numo
3155 4081 3266 4145 vel
3315 4101 3641 4145 marmore
3693 4102 3893 4156 eum,
3937 4097 4090 4161 quen
4119 4066 4195 4129 vult

2805 4182 3097 4245 valorem
3111 4176 3326 4249 habet.
3371 4185 3612 4247 Forma
3627 4183 3897 4246 litterae
3923 4178 4120 4246 tertiae,
4144 4187 4195 4230 ⁵¹⁰

2806 4298 2877 4347 ut
2920 4284 3125 4369 sigma
3162 4285 3282 4363 sit,
3318 4284 3807 4371 antiquissimae
3857 4282 4031 4347 aetati
4062 4279 4197 4359 ἰῑςῑιΐ113

2804 4387 2945 4450 fuit.
2988 4387 3344 4451 Rarissimc
3382 4388 3578 4450 etiam
3599 4433 3617 4465 ‚
3652 4402 3726 4450 et
3760 4384 4010 4451 nonnisi
4039 4376 4200 4443 indu-1·

2808 4511 2952 4551 rum
2994 4490 3257 4553 Siciliae
3294 4491 3556 4553 urbium
3584 4491 3808 4552 numis
3845 4486 4049 4570 reperi
4079 4478 4202 4555 86119·

2804 4604 2943 4653 tum
2990 4594 3053 4659 V
3082 4613 3222 4674 ,pro
3268 4590 3363 4658 A.
3419 4594 3652 4677 Neque
3704 4593 3924 4654 adhuc
3968 4589 4026 4649 in
4070 4578 4206 4647 num'u

2802 4696 3163 4779 scripturae
3188 4693 3591 4758 Graecorum
3616 4692 4094 4778 antiquissimae,
4112 4700 4208 4766 qw-

2801 4816 2948 4860 rum
2997 4797 3236 4881 justum
3289 4796 3601 4862 habemus
3644 4817 4026 4869 numerum,
4071 4783 4209 4853 simile
