4388 5576
948 438 1100 509 '310
1166 502 1173 509 ἡ
1871 472 1879 479 .
1956 406 2965 486 PSEVDOMONETA.

1081 608 1556 690 Argumentum
1600 595 1833 661 hercle
1884 593 2258 660 obscurum.
2315 552 2451 657 An
2560 592 2878 676 militem3
2932 590 3117 679 cujus
3163 593 3423 662 sinistra
3470 597 3827 667 caduceum
3869 620 4057 686 prae-

954 707 1358 775 Mercurium
1388 716 1609 786 putem
1631 744 1650 775 ,
1683 692 1876 780 'cujus
1924 709 2116 781 caput
2145 699 2332 779 galea
2360 709 2456 760 te·
2565 695 2745 762 fert?

860 828 873 832 “
958 814 1135 900 gitur
1163 810 1356 897 plane
1392 802 1691 884 militari,
1730 799 1801 864 id
1836 813 1975 867 est:
2020 797 2327 865 cristata?
2372 819 2455 864 an
2490 805 2506 815 “

2175 1124 2634 1190 cAPVT
2704 1127 2828 1192 JV.

2004 1323 2102 1385 00
2142 1308 2356 1386 aetate
2395 1323 2957 1388 contaminem-um.
3048 1320 3054 1333 ’

1070 1516 1177 1578 De
1214 1522 1463 1588 aetate,
1510 1527 1635 1592 qua
1681 1501 2241 1577 contorniatorum
2285 1523 2443 1566 usus

945 1616 1285 1703 coeperit,
1371 1611 1589 1678 variae
1668 1606 1939 1699 fuerunt
2027 1603 2441 1667 eruditorum

848 1782 860 1789 .
942 1716 1329 1785 sententiae.
1412 1710 1573 1777 Non¹
1607 1709 1923 1786 defuere,
1987 1707 2139 1789 qui,
2210 1708 2441 1770 saltem

934 1841 1176 1887 numos
1212 1815 1406 1900 hujus
1455 1815 1681 1879 classis
1712 1812 1897 1886 illos,
1962 1809 2076 1895 qui
2120 1808 2443 1892 imperan-

942 1925 1106 1988 tium
1167 1918 1379 2003 capita
1439 1914 1768 1993 offerunt,
1824 1931 1973 1975 esse
2037 1930 2315 1976 coaevos
2356 1910 2440 1974 iis

942 2024 1436 2097 existimarunt,
1492 2037 1771 2103 quorum
1842 2015 1909 2076 in
1968 2012 2049 2076 iis
2121 2011 2438 2096 imagines

937 2125 1391 2196 continentur,
1451 2139 1615 2204 quos
1660 2118 1837 2181 inter
1884 2114 2009 2177 fuit
2048 2115 2190 2198 ipse
2238 2114 2439 2198 Span-

934 2226 1233 2303 hemius,
1288 2221 1400 2309 qui
1441 2219 1725 2284 Neronis
1763 2237 2070 2294 numum,
2129 2227 2436 2299 tanquam

908 2350 1022 2396 ¹eo
1067 2329 1433 2411 imperante
1483 2342 1745 2398 cusum,
1803 2319 2088 2403 explicat
2133 2320 2234 2402 ⁸),
2294 2330 2433 2381 tum

912 2422 1006 2495 ‘et
1040 2426 1423 2510 Ducangius
1465 2420 1572 2508 b),
1634 2435 1703 2487 et
1765 2441 1979 2506 nuper
2025 2421 2114 2485 cl.
2162 2419 2437 2485 Pinker·

931 2543 1128 2611 tonus
1169 2532 1255 2614 ο).
1338 2525 1787 2610 Verumjure
1831 2523 1999 2588 hanc
2042 2524 2434 2588 sententiam

930 2632 1333 2708 refellimus,
1399 2650 1475 2694 ac
1512 2627 1810 2712 *primum
1856 2625 2120 2710 quidem
2166 2625 2433 2709 exlege

926 2730 1259 2811 fabricae,
1336 2751 1527 2815 quam
1585 2729 1670 2794 ad
1736 2727 2187 2813 explicandam
2263 2741 2436 2794 aeta·

923 2848 1086 2918 tetri⁴
1129 2829 1409 2900 aliorum*
1464 2851 1725 2919 quoque
1800 2851 2185 2908 numerum,
2262 2849 2429 2914 quae

923 2938 1071 3005 aliis
1126 2935 1444 3000 classibus
1497 2936 1808 3011 subsunt,
1867 2932 2144 3030 multum
2203 2931 2428 2997 valere

920 3037 1244 3104 novimus.
1330 3040 1577 3102 Docuit
1635 3035 2072 3120 experientia,
2150 3031 2429 3116 singulis

923 3137 1386 3224 imperantium
1427 3138 1707 3203 saeculis
1740 3138 1939 3204 alium
1968 3136 2171 3199 fuisse
2210 3136 2276 3198 in
2309 3157 2428 3218 nu-

921 3240 1047 3304 mis
1091 3240 1378 3305 fabricae
1439 3240 1726 3304 modum.
1830 3240 2010 3304 Istud
2053 3238 2112 3300 si
2172 3258 2426 3315 verum,

922 3354 997 3405 ut
1038 3362 1194 3405 sane
1240 3354 1341 3432 est
1383 3343 1832 3420 verissimum,
1895 3355 1983 3406 et·
2019 3339 2078 3410 si
2119 3341 2244 3403 hac
2287 3339 2427 3405 sola
2470 3399 2478 3407 .

920 3442 1050 3525 jam
1078 3442 1394 3514 differunt
1424 3444 1607 3507 numi
1638 3443 1916 3528 Augusti
1951 3462 1988 3504 a
2019 3441 2232 3502 numia
2265 3442 2431 3505 Tra-

916 3543 1088 3627 jani,
1154 3559 1394 3629 quanto
1432 3548 1637 3629 magis
1689 3564 1966 3611 necesse
1999 3555 2101 3606 est
2146 3539 2422 3605 differre

919 3666 1153 3712 numos
1183 3649 1462 3732 Augusti
1504 3671 1546 3716 ιι
1589 3648 1803 3711 numis
1853 3648 1993 3709 Pla.
2022 3642 2421 3715 Valentinia-

905 3746 1035 3809 ni?
1118 3748 1319 3833 Atqui
1379 3749 1707 3826 videmus,
1773 3748 1841 3814 in
1903 3744 2205 3810 omnihus
2265 3764 2420 3809 con·

916 3849 1216 3913 torniatis
1258 3850 1475 3915 inesse
1536 3848 1821 3914 eundem
1865 3862 2201 3925 tenorem,
2260 3866 2422 3909 eun·

918 3948 1071 4014 dem
1115 3954 1359 4016 cultum
1416 3953 1878 4035 habitumque,
1937 3962 2190 4015 certum
2247 3946 2416 4012 adeo

916 4067 1187 4132 testem,
1230 4073 1463 4119 eorum
1507 4068 1790 4121 aetatem
1836 4072 1969 4115 non
2013 4068 2414 4134 magnopere

914 4154 1305 4242 divergere,
1373 4169 1859 4244 acspropterea
1922 4154 2094 4217 certi
2171 4173 2415 4229 sumus,

912 4279 1145 4324 numos
1193 4259 1316 4322 lut.
1357 4262 1691 4337 Caesaris,
1753 4256 2067 4342 Augusti,
2128 4275 2206 4320 ac
2263 4274 2420 4339 pro·

913 4363 1092 4428 xime
1134 4362 1546 4449 sequentium
1591 4375 1869 4449 propter
1911 4356 2190 4424 eandem
2224 4358 2414 4445 ,hanc

2553 1501 2960 1575 cum4numis
3006 1505 3292 1572 Honorii
3340 1516 3411 1571 et
3448 1503 3888 1575 Valentiniani
3936 1504 4046 1571 ad·

2550 1602 2867 1669 finitatem
2911 1626 3061 1670 cum
3110 1606 3212 1672 his
3251 1626 3522 1694 ,quoque
3573 1620 3871 1692 tempore
3905 1608 4051 1690 jun-

2552 1705 2844 1789 gendos,
2885 1722 2956 1771 et
2990 1707 3166 1793 quod
3197 1709 3533 1795 sequitur,
3572 1708 3694 1772 Iul.
3731 1711 4050 1787 Caesaris,

2547 1808 2955 1894 Augustique
2999 1831 3231 1876 numos
3260 1831 3392 1874 non
3435 1831 3582 1875 esse
3618 1813 3854 1875 horum
3889 1825 4051 1876 tem-

2550 1909 2821 1991 poribus
2866 1932 3166 1980 coaevos.
3249 1915 3358 1978 Ex
3405 1914 3634 1981 eadem
3680 1933 3871 1977 causa
3915 1912 4051 1995 pri-

2552 2010 2704 2075 dem
2752 2033 3154 2081 consensere
3203 2015 3446 2080 eruditi
3487 2016 3868 2102 antiquarii,
3931 2035 4050 2078 nu·
4114 2021 4121 2027 ’

2551 2134 2694 2181 mos
2734 2117 3052 2199 quosdam
3106 2096 3668 2203 consecrationum
3704 2117 4051 2201 imperato·

2547 2214 2716 2293 rios,
2781 2216 2958 2302 quod
3020 2238 3248 2284 omnes
3314 2220 3545 2285 eadem
3605 2219 3885 2297 fabrica,
3945 2239 4051 2284 ea-

2548 2314 2700 2379 dem
2746 2316 2893 2384 vilis
2947 2324 3206 2408 argenti
3262 2323 3579 2388 mixtione
3634 2333 3887 2399 essent,
3947 2327 4053 2385 ea'·

2549 2418 2702 2483 dem
2759 2420 2956 2484 etiam
3020 2436 3233 2489 aetate
3302 2425 3614 2511 signatos.
3716 2422 4051 2516 Quocirca

2546 2536 2978 2587 necesse-est
3011 2537 3336 2605 statuere,
3381 2525 3675 2611 sequiori
3712 2527 3908 2590 aetati
3936 2525 4050 2589 tri·

2546 2621 2860 2688 buendos.
2895 2627 3341 2702 contoruiatos
3381 2647 3611 2693 omnes
3658 2646 3890 2692 eorum
3923 2628 4048 2690 im·

2547 2740 2957 2809 peratorum,
3036 2728 3152 2815 qui
3235 2729 3701 2815 praecedentia
3782 2726 4046 2796 saecula

2543 2835 2977 2922 occupavere.
3078 2830 3271 2897 Adde
3324 2846 3707 2920 argumenta
3754 2834 3881 2899 alia
3941 2832 4046 2896 iu·
4089 2819 4090 2824 ἵ

2543 2949 2622 2994 ce
2655 2931 2796 3014 ipsa
2839 2932 3140 2998 clariora.
3225 2936 3436 3001 Multa
3481 2934 3776 3008 videmus
3822 2935 3891 2998 in
3938 2935 4043 2998 his

2541 3031 2757 3096 numia
2818 3033 3114 3120 priorum
3172 3036 3590 3104 saeculorum
3631 3036 4045 3126 imperatori·

2540 3133 2662 3197 bus
2705 3133 2942 3210 tribui,
3001 3156 3167 3220 quae
3218 3137 3455 3203 horum
3518 3151 3729 3204 aetate
3771 3139 4040 3203 fuerunt
4077 3169 4082 3176 ·

2540 3236 2804 3321 ignotas,
2876 3249 2989 3301 aut
3030 3239 3353 3304 inusitata.
3441 3242 3649 3327 Caput
3692 3241 3819 3308 Iul.
3878 3243 4043 3307 Cae-

2538 3338 2705 3403 saris
2770 3351 3039 3419 praeter
3092 3339 3386 3430 lauream
3441 3341 3643 3405 ambit
3717 3340 4043 3421 diadema,

2538 3438 2716 3524 quod
2780 3460 2864 3502 ex
2906 3440 3116 3504 causis
3179 3441 3460 3527 cognitis
3487 3446 3743 3528 procul
3796 3446 4043 3511 habent

2538 3541 2679 3625 ejus
2732 3540 2915 3603 numi
2974 3541 3352 3623 synchroni.
3409 3548 3755 3630 -Trajanus
3810 3548 3880 3612 in
3921 3570 4041 3613 nu·

2532 3662 2645 3708 mo
2688 3643 2899 3707 musei
2932 3643 3240 3709 Caesarei
3280 3652 3438 3711 Pius
3468 3653 3689 3728 Felix,
3736 3651 3849 3736 qui
3887 3651 4040 3714 titu-

2532 3744 2583 3807 li
2626 3746 2957 3830 conjuncti
2988 3759 3137 3809 ante
3174 3747 3606 3814 Commodum
3642 3752 3852 3834 ignoti
3891 3751 4036 3815 fue·

2529 3866 2631 3914 re.
2712 3849 2790 3910 In
2850 3846 2984 3910 alio
3030 3850 3245 3913 musei
3291 3837 3595 3917 Caesarei
3654 3852 3830 3916 idem
3877 3856 4037 3915 Tra·

2529 3948 2715 4033 janus
2753 3947 2993 4012 dicitur
3032 3953 3417 4029 proconsul,
3463 3952 3574 4035 qui
3612 3953 3835 4016 titulus
3871 3972 4033 4015 non·
4101 3985 4105 3990 ·

2529 4049 2657 4114 nisi
2699 4050 2913 4129 numis
2972 4049 3307 4114 inferioris
3368 4053 3613 4116 saeculi
3677 4051 4034 4137 inscriptus

2530 4151 2796 4236 legitur.
2885 4151 3211 4226 Nimirum
3260 4154 3371 4237 qui
3419 4174 3651 4218 numos
3698 4153 3821 4219 hos
3874 4145 4032 4218 feri-

2492 4253 2741 4319 'undos
2770 4265 3199 4348 curaverunt,
3242 4274 3474 4319 eorum
3519 4254 3753 4320 modos
3794 4269 3864 4321 et
3891 4258 4034 4343 epi-

2527 4356 2825 4442 graphen
2871 4357 2955 4422 ad
3006 4356 3153 4423 aevi
3211 4356 3313 4422 sui
3374 4357 3713 4444 ingenium
3766 4358 4030 4425 adcom-

923 4508 4037 4553 mm

986 4599 1050 4669 a)
1090 4598 1259 4654 Tom.
1301 4596 1348 4660 Ι.
1387 4615 1524 4674 pag.
1562 4606 1688 4662 231.

924 4705 1065 4767 pag·
1101 4693 1232 4751 231.

2413 4867 2446 4878 Α

1838 4594 1907 4671 b)
1957 4592 2107 4668 aevi
2146 4543 2253 4653 tuf.
2305 4611 2467 4653 num.
2521 4596 2576 4670 §-
2615 4589 2830 4656 mv,

2949 4606 2952 4610 ’
3031 4595 3092 4669 c)
3145 4593 3331 4675 Essay
3371 4612 3450 4654 on
3498 4592 3723 4655 medals
3761 4553 3931 4656 Tom.
3962 4589 4020 4653 1.
