4388 5576
1032 548 1184 622 AD
1250 544 1822 625 VOLVMEN
1887 548 2445 626 TERTIVM.
3201 575 3291 639 55

208 718 329 783 alio
368 736 578 784 *numo
621 720 959 784 Mostenos
1018 716 1444 802 dici'Lydos,
1501 739 1691 802 prae·

206 833 393 883 eunte
442 821 608 884 adeo
658 835 1009 885 autonomo
1049 820 1494 905 praecedente
1540 822 1687 905 jure

203 920 295 982 illi
349 922 706 987 verisimile
762 922 1054 1001 videtur,
1121 923 1190 983 in
1245 923 1374 985 hoc
1427 943 1687 1008 quoque

202 1022 572 1086 Hadrianou
675 1024 1034 1110 legendum
1114 1019 1689 1089 MOCCTNnN.

204 1117 571 1191 ΛΤΔΩΝ.

322 1225 497 1291 ΑΕ.
532 1226 814 1291 RRRR.

564 1408 644 1473 P.
674 1426 814 1491 ioq.
853 1410 982 1473 col.
1008 1425 1071 1473 2.
1106 1409 1227 1475 lin.
1254 1409 1321 1475 3.

322 1526 443 1593 sed
480 1526 927 1595 verisimiliter
962 1527 1403 1594 restituendus
1440 1528 1691 1612 Mossy-

198 1649 338 1711 nae,
380 1629 469 1694 de
509 1650 640 1716 quo
680 1630 992 1694 continuo
1029 1629 1304 1715 egimus.

540 1813 621 1883 Ρ.
651 1811 791 1883 ιι3.
833 1819 963 1884 col.
995 1839 1057 1884 ι.
1088 1818 1210 1882 lin.
1236 1839 1345 1884 ιι.

323 1934 534 2027 Quam
566 1934 787 2018 inique
825 1937 1147 2001 Sestinius
1177 1951 1371 2001 notos
1415 1937 1538 1999 hos
1574 1948 1691 2015 'an-

197 2051 497 2099 tonomos
546 2037 720 2098 inter
765 2036 1225 2120 imperatorios
1260 2039 1519 2107 Vitellii
1556 2039 1693 2102 col·

196 2139 400 2202 locari
446 2137 746 2221 jusserit,
807 2139 1191 2204 docebimus
1232 2142 1304 2203 in
1347 2140 1689 2204 Addendis

197 2239 276 2302 ad
310 2239 641 2310 Volumen
671 2241 786 2309 VI.
821 2262 891 2324 p.
917 2241 1067 2322 319.

559 2424 641 2490 P.
667 2446 692 2485 ι
712 2443 817 2504 ιο..
850 2425 980 2489 col.
1006 2443 1069 2491 2.
1109 2425 1232 2493 lin.
1256 2426 1318 2491 3.

319 2544 542 2607 Alium
579 2565 859 2608 aeneum
888 2546 938 2605 1.
972 2543 1225 2608 formae
1272 2566 1421 2610 cum
1469 2545 1691 2630 capiti·

192 2644 314 2708 hus
371 2644 687 2709 Gordian'i
743 2660 811 2709 et
867 2647 1359 2731 Tranquillinae
1412 2661 1479 2711 et
1530 2662 1686 2731 typo

190 2749 427 2811 Hermi
464 2748 736 2832 jacentis
778 2770 816 2811 a
859 2769 931 2812 se
969 2764 1396 2833 conspectum
1431 2744 1683 2816 Medio·

192 2850 325 2914 lani
357 2851 686 2918 nunciavit
720 2871 816 2914 er.
850 2851 1187 2917 Caronius.

550 3034 630 3098 P.
660 3053 798 3100 mo.
830 3037 955 3101 col.
982 3058 1038 3100 1.
1075 3036 1197 3098 lin.
1222 3054 1324 3102 20.

319 3152 706 3215 Lectionem
774 3156 870 3218 Μ.
942 3148 1269 3218 ΤΤΛΛΙ.
1343 3154 1685 3218 confirmat

191 3253 391 3317 etiam
424 3253 718 3315 Sestinus
753 3273 837 3314 ex
868 3254 1166 3336 pluribus
1200 3253 1341 3316 aliis
1374 3255 1507 3319 sibi-
1532 3276 1683 3320 con-

190 3356 456 3440 spectis.
502 3355 805 3436 (Lettere
843 3357 924 3419 Τ.
950 3357 1031 3424 V.
1080 3356 1377 3441 p.LV1.)

540 3538 621 3601 P.
650 3542 795 3607 126.
829 3540 957 3604 col.
980 3557 1041 3605 2.
1075 3542 1197 3606 lin.
1223 3538 1327 3606 31.

1804 739 1953 783 sere
1992 735 2258 805 gentem
2295 720 2740 798 Maur-eliam,
2786 721 2904 784 sed
2944 720 3071 804 jam
3120 744 3292 788 nunc

1803 842 1891 884 ex
1937 823 2149 885 numis
2208 842 2470 907 quoque
2523 820 2861 885 Sestinius.
2931 823 3170 888 Melius
3227 826 3295 886 in

1804 922 2042 986 eodem
2097 925 2225 988 hoc
2283 943 2483 986 numo
2539 923 2894 1007 legendum
2950 924 3144 990 docet
3194 922 3336 1001 anf

1802 1036 1994 1107 topto
2028 1025 2502 1108 Cousineryus=
2551 1021 2736 1091 (3111.
2769 1021 2910 1089 ΓΡ.
2943 1025 3055 1092 Μ.
3088 1007 3297 1096 Α’ῘῬ.
3343 1010 3346 1011 ⁷

1801 1122 2214 1189 KPITIOT.
2262 1140 2448 1190 recte
2496 1127 2853 1190 secundum
2904 1125 3068 1192 alios
3116 1132 3301 1194 Tral-

1803 1223 2130 1290 lianorum
2163 1247 2417 1291 numos.

2157 1412 2234 1475 Ρ.
2268 1412 2410 1494 139.
2442 1410 2572 1476 col.
2600 1428 2660 1476 α.
2700 1413 2820 1475 lin.
2849 1414 2945 1478 15.

1934 1528 2120 1622 Quae
2177 1530 2263 1595 de
2318 1531 2556 1595 horum
2603 1550 2951 1595 numerum
3014 1545 3168 1619 typo
3224 1536 3306 1598 ad

1806 1629 2120 1698 diluvium
2192 1633 2629 1696 Noemiticum
2700 1633 3057 1699 referendo
3139 1635 3296 1715 dixi,

1805 1731 2278 1798 confirmantur
2321 1735 2516 1799 etiam
2565 1757 2893 1800 marmore
2932 1736 3302 1820 sepulcrali,

1803 1834 1980 1920 quod
2046 1835 2229 1899 dedit
2286 1835 2614 1900 Maffeius.
2681 1838 2880 1920 (Mus.
2927 1839 3179 1905 Veron.
3233 1861 3301 1923 p.

1804 1938 1982 2018 279.)
2026 1937 2333 2025 Fingissur
2364 1938 2431 1999 in
2468 1956 2552 1999 eo
2580 1959 2728 2000 arra
2759 1936 2949 2000 undis
2986 1939 3303 2018 innatam,

1805 2051 2114 2123 stansque
2149 2037 2326 2100 intus
2373 2039 2520 2099 Noe
2571 2052 2913 2121 acceptans
2972 2040 3156 2109 oleae
3201 2063 3304 2103 ra·

1801 2159 2013 2214 mum,
2065 2157 2259 2221 quem
2298 2139 2363 2200 ei
2399 2139 2706 2204 advolans
2744 2141 3046 2205 columba
3076 2156 3296 2209 rostro

1802 2238 2120 2322 porrigit,
2170 2238 2426 2322 pictura
2468 2253 2603 2304 tota
2641 2242 2721 2304 ad
2759 2264 2910 2306 eum
2937 2245 3133 2326 plane
3165 2265 3305 2307 mo-

1802 2339 1958 2403 dum
2000 2354 2402 2424 comparata,
2466 2343 2578 2427 qui
2635 2357 2736 2406 est
2778 2345 2845 2406 in
2898 2346 3057 2430 ipsis
3105 2346 3298 2429 hujus
3406 2366 3415 2376 ·

1802 2442 2171 2526 argumenti
2204 2444 2439 2509 numis.
2501 2445 2605 2505 Ex
2641 2465 2771 2526 quo
2816 2447 3159 2510 manifeste
3193 2469 3304 2529 ap·

1803 2560 2023 2629 paret,
2077 2545 2198 2608 hac
2246 2544 2499 2607 ratione
2545 2547 2785 2608 Noemi
2838 2549 3297 2631 cataclysmum

1805 2646 2084 2729 exprimi
2137 2644 2340 2708 fuisse
2401 2643 2688 2714 solitum.
2764 2649 2867 2712 Ne
2929 2670 3094 2717 vero
3157 2651 3301 2732 quis

1800 2744 2223 2810 Deucalionis
2274 2745 2592 2810 diluvium
2650 2769 2733 2815 eo
2793 2748 3300 2836 intelligendum

1802 2849 2164 2927 existimet,
2215 2863 2426 2928 vetat,
2475 2851 2650 2935 quod
2695 2851 2912 2916 addita
2960 2853 3299 2935 inscriptio

1799 2965 2027 3034 aperte
2092 2952 2320 3028 docet,
2395 2968 2890 3018 monumentum
2932 2953 3109 3018 istud
3153 2975 3299 3019 esse

1801 3073 1885 3115 ex
1922 3053 2398 3137 sepulcralihus
2431 3043 2657 3116 unuin.

2148 3235 2227 3299 Ρ.
2260 3236 2397 3300 153.
2432 3239 2562 3303 col.
2594 3259 2647 3302 ι.
2689 3239 2809 3301 lin.
2837 3238 2939 3303 26.

1922 3358 1995 3416 In
2027 3357 2324 3438 catalogo
2358 3357 2565 3419 musei
2588 3356 3022 3439 d'Enneryani
3059 3379 3122 3441 p.
3145 3361 3300 3441 593.

1795 3454 2077 3539 legitur:
2132 3453 2319 3520 6111.
2357 3453 2565 3522 ΓΡΑ.
2592 3452 2748 3524 ΚΛ.
2794 3452 3298 3524 ΦΛΑΚΚΟΤ.

1797 3557 1988 3619 Unde
2044 3556 2339 3643 sequitur
2398 3557 2756 3621 solitarium
2814 3554 2894 3619 Γ.
2952 3559 3024 3621 in
3083 3564 3297 3625 numis

318 3660 572 3726 Verum
618 3658 946 3724 nunciavit
984 3682 1198 3742 nuper
1244 3660 1333 3726 cl.
1374 3653 1720 3723 Cousine·‘
1796 3659 2111 3723 hactenus
2146 3660 2352 3723 citatis
2385 3681 2516 3723 non
2555 3661 2957 3746 explendum·
2987 3660 3180 3740 Pam,
3225 3678 3299 3725 ut

185 3783 384 3845 ryns‚
432 3762 501 3822 in
547 3761 729 3843 cujus
773 3781 944 3824 nunc
982 3783 1209 3825 museo
1247 3764 1542 3848 vulgatus
1576 3762 1684 3823 hic

185 3886 225 3926 a
263 3862 551 3926 Sestinio
582 3885 813 3926 numus
846 3878 1162 3940 servatur,
1194 3864 1262 3925 in
1298 3885 1380 3927 eo
1408 3863 1683 3947 perinde

184 3978 391 4050 atque
442 3952 517 4025 'in
578 3965 719 4030 aliis
786 3966 976 4049 hujus
1038 3965 1218 4028 urbis
1280 3966 1492 4027 numis
1548 3965 1687 4049 legi

186 4062 383 4128 (3111.
416 4061 476 4127 Γ
480 4053 659 4146 ΡᾸ.
693 4091 825 4131 non
855 4064 1041 4132 6111.
1073 4065 1339 4131 CTPA.
1383 4068 1688 4130 Nondum

184 4187 359 4250 ergo
399 4182 683 4248 constat,
733 4171 1099 4233 Trallianos
1145 4170 1213 4230 in
1265 4183 1525 4232 moneta
1574 4192 1689 4232 sua

180 4268 325 4331 alio
370 4271 777 4352 magistratu,
822 4295 1009 4356 quam
1048 4272 1297 4349 scriba,
1337 4292 1515 4336 usos.
1556 4272 1687 4335 Eo·

180 4371 345 4434 dem
394 4371 543 4433 loco
592 4373 910 4436 Sestinius
956 4376 1152 4437 alium
1200 4374 1684 4437 Trallianorum

177 4494 462 4536 numum
501 4472 706 4536 edidit
745 4496 892 4538 cum
931 4476 1091 4538 mita
1130 4476 1485 4559 epigraphe
1523 4472 1679 4543 ΕΠ.

179 4571 405 4639 ΑΤΡ.
437 4571 737 4640 ΜΑΤΡ.
768 4574 1171 4642 ΚΡΙΤΙΟΤ.
1216 4581 1434 4662 Ergo,
1478 4579 1688 4663 (cogi-

172 4677 428 4755 tabam,
459 4698 607 4741 cum
635 4678 807 4740 istud
841 4679 1171 4763 legerem)
1203 4702 1333 4744 non
1369 4680 1493 4744 soli
1524 4702 1713 4764 mar-¹
1762 4697 1771 4702 ·

176 4801 451 4844 morum
482 4795 782 4846 veterum
813 4780 1212 4867 interpretes
1242 4784 1429 4848 nobis
1469 4784 1689 4849 obtru-

1800 3762 2248 3838 credideram,
2299 3761 2449 3825 -sed
2522 3759 2973 3846 Γραμματεως,
3060 3780 3290 3849 estque

1799 3864 1966 3927 adeo
2019 3863 2344 3946 Eucarpia
2396 3885 2621 3928 earum
2677 3865 2937 3929 urbium
2975 3889 3135 3946 una,
3189 3871 3296 3932 cui

1773 3966 2213 4056 ‚magistratus
2252 3967 2466 4030 scriba
2505 3967 2808 4051 praefuit.

2157 4154 2233 4216 Ρ.
2268 4155 2403 4218 153.
2445 4155 2568 4219 col.
2597 4171 2657 4219 2.
2693 4155 2812 4221 lin.
2839 4147 2938 4219 io.

1926 4273 2289 4336 Tollendus
2329 4272 2437 4335 hic
2473 4273 2738 4335 Sestinii
2778 4296 3043 4353 numus,
3090 4291 3157 4339 et
3193 4298 3300 4341 re-

1801 4375 2162 4437 stituemlus
2192 4377 2486 4438 Euromo
2524 4376 2788 4455 Cariae,
2832 4392 2902 4439 ut
2938 4379 3160 4441 monui
3195 4401 3295 4442 su·

1798 4501 1915 4562 pra
1950 4477 2015 4538 in
2047 4476 2384 4539 Addendis
2422 4477 2503 4540 ad
2533 4499 2766 4542 numos
2799 4479 3106 4558 Euromi‚
3153 4483 3298 4565 (vo-

1800 4579 2143 4645 lum'iniTI.
2180 4578 2262 4642 ad
2300 4601 2361 4662 p.
2384 4581 2569 4662 581.)

2668 4890 2807 4950 Ea
