4388 5576
1116 533 1164 598 “5
1179 529 1268 592 10

1128 694 1342 761 lorum
1375 675 1805 766 regnantium,
1842 667 2106 731 dubium
2139 683 2272 725 non
2306 674 2427 736 est,
2464 679 2609 722 cum

2338 474 2730 551 CAPVT
2808 474 3010 548 XVI.

2725 660 2792 720 in
2836 656 3027 739 liujus
3073 654 3216 717 aevi
3261 654 3470 731 numis
3517 655 3740 736 passim
3783 676 3892 738 pro
3919 657 4118 744 Vposi·

1126 779 1315 883 quial,
1392 785 1548 871 quid
1608 776 1781 843 aliud
1843 767 2120 849 intelligi
2180 766 2420 849 possit,
2481 781 2611 824 non
2726 776 2855 825 tam
2910 758 3363 842 conspicimus.
3453 753 3669 846 Quare
3713 757 3860 818 haec
3899 772 4025 819 nota
4057 761 4125 817 iu-

1132 899 1287 962 satis
1349 896 1686 973 appareat,
1750 893 1883 940 tum
1932 872 2078 957 quia
2120 867 2466 948 inscriptus
2511 881 2621 926 an-

1135 1009 1370 1064 norum
1426 1003 1734 1052 numerus
1795 996 1940 1039 eum
1988 970 2165 1034 annis
2211 966 2616 1048 singulorum

1139 1095 1569 1183 imperiorum
1611 1087 1997 1171 plerumque
2044 1084 2227 1133 recle
2273 1069 2617 1149 conspirat.

2731 878 2836 924 ter
2884 861 3086 922 varias
3125 861 3560 942 episemorum
3597 857 3859 933 formas,
3901 882 4027 943 quas
4056 861 4122 920 ibi

2734 966 3052 1036 stiteram,
3105 961 3315 1021 locum
3365 959 3607 1020 habere
3648 980 3772 1020 non
3815 960 4003 1020 debet.

2863 1062 3256 1124 indictiones
3305 1075 3740 1121 memorantur
3790 1062 3850 1120 in
3903 1063 4123 1123 solorum

1142 1202 1296 1284 Dixi
1341 1196 1761 1279 plerumque3
1822 1200 1965 1241 nam
2012 1173 2135 1235 etsi
2178 1183 2401 1232 verum
2446 1166 2618 1251 istud
2734 1165 3034 1228 Mauricii
3077 1177 3143 1225 et
3180 1163 3469 1224 Heraclii
3515 1165 3748 1238 numis,
3793 1184 3937 1247 quos
3975 1163 4098 1227 vide,
4199 1237 4202 1238 ⁷

1127 1305 1226 1367 sit
1267 1301 1336 1362 in
1379 1293 1748 1381 plerisque,
1794 1295 1864 1342 ut
1909 1279 1972 1337 in
2018 1275 2262 1335 Iustino
2308 1275 2394 1344 1.‚
2441 1268 2623 1328 lusti·
2727 1281 2730 1284 ·

1144 1406 1366 1477 niano,
1425 1395 1670 1457 Iustino
1714 1387 1831 1459 11.‚·
1890 1393 1956 1441 et
1999 1372 2349 1445 Mauricio,
2409 1385 2624 1431 tamen

1141 1504 1391 1569 auctior
1435 1509 1536 1558 est
1578 1495 1642 1553 in
1691 1479 2021 1550 nonnullis
2057 1493 2367 1556 annorum
2406 1490 2627 1531 nume-

1145 1627 1296 1678 rus,
1355 1577 1555 1684 quam*
1610 1612 1800 1675 quem
1867 1602 2091 1646 eorum
2139 1574 2483 1657 imperium
2531 1592 2630 1633 ca-

1150 1728 1310 1792 pere
1370 1700 1595 1786 possit.
1683 1682 2032 1772 Imperavit
2075 1679 2351 1740 lustinus
2399 1679 2475 1736 11.
2528 1695 2634 1736 an-

1152 1831 1272 1872 nos
1315 1801 1572 1868 nonnisi
1632 1795 1839 1865 X111.‚
1904 1799 1968 1849 at
2010 1787 2076 1845 in
2121 1800 2317 1841 numo
2361 1775 2635 1838 Pelleri·

1153 1911 1246 1973 nii
1277 1913 1335 1988 ⁸)
1381 1904 1624 1984 legitur
1665 1888 1934 1960 ANNO.
1978 1886 2122 1947 Ka.
2166 1881 2236 1939 id
2281 1894 2417 1941 est:
2465 1878 2637 1941 vice-

1160 2014 1324 2076 simo
1369 2007 1603 2089 primo.
1692 2000 1762 2057 ln
1808 2008 2004 2052 numo
2051 1983 2305 2046 Tiberii
2348 1984 2465 2055 11.‚
2529 1979 2640 2061 qui

1142 2110 1459 2196 ‘regnavit
1522 2120 1721 2166 annos
1778 2095 1986 2166 V111.‚
2068 2084 2315 2167 legitur
2375 2080 2638 2142 ANNO.

1160 2214 1305 2278 XX.
1353 2210 1418 2288 b)
1507 2213 1589 2268 At
1649 2198 1933 2262 omnium
1994 2189 2271 2252 maxime
2332 2181 2644 2243 dissident

1161 2315 1342 2377 numi
1386 2310 1679 2376 Phocae,
1731 2299 1911 2380 cujus
1955 2288 2302 2374 imperium
2351 2305 2497 2348 cum
2542 2303 2648 2343 an-

1164 2412 1502 2478 nos-VIII.
1559 2424 1686 2464 non
1749 2373 2159 2466 excedet-ets
2201 2409 2282 2450 en
2344 2385 2457 2446 tibi
2503 2384 2650 2445 AN-

1165 2516 1312 2580 No.
1360 2508 1627 2571 XXXX.
1677 2500 2001 2562 xxxxn.
2057 2490 2448 2554 xxxxutt.
2496 2489 2647 2566 quin

1064 2666 1073 2676 .
1168 2631 1237 2685 et
1290 2615 1491 2676 mixto
1551 2593 1842 2691 episemo
1886 2596 2230 2669 xxxxsl.
2315 2588 2484 2653 Vide
2533 2586 2650 2644 hos

1088 2713 1091 2717 Α
1170 2721 1402 2781 numo's
1436 2712 1630 2792 apud
1689 2703 2124 2771 Bandurium,
2183 2692 2526 2754 Taninium
2589 2693 2700 2747 et'

1173 2822 1241 2881 in
1310 2813 1606 2890 catalogo
1678 2804 1887 2868 musei
1950 2798 2271 2863 Caesarei.
2363 2792 2653 2871 Vterque

1174 2920 1277 2982 vir
1323 2912 1616 2976 eruditus
1677 2904 1917 2969 nodum
1977 2901 2150 2961 hunc
2194 2893 2459 2976 reliquit
2503 2894 2660 2953 inta-

1178 3034 1385 3084 etum,
1449 3034 1525 3075 an
1588 3009 1733 3092 quia
1795 3004 2026 3085 dignus
2087 2999 2344 3061 vindice
2388 3015 2514 3055 non
2563 3005 2662 3053 est

1177 3117 1399 3184 visus?
1464 3136 1540 3177 an
1604 3109 1751 3194 quia
1797 3102 2239 3166 numismatica
2289 3098 2473 3174 hujus
2519 3095 2663 3156 aevi

1107 3243 1125 3260 ·
1178 3224 1440 3291 ulcera,
1504 3216 1569 3275 in
1630 3230 1756 3293 quo
1813 3206 2005 3266 facile
2070 3224 2175 3264 me
2239 3203 2361 3264 sibi
2425 3198 2665 3259 habent

1181 3317 1615 3391 concordem,
1692 3325 2142 3394 quamcunque
2207 3323 2399 3386 opem
2466 3297 2667 3361 medi·

1182 3446 1320 3492 cam
1364 3413 1722 3503 respuunt?

1310 3520 1586 3588 Numeri
1616 3518 1849 3576 horum
1891 3528 2232 3573 numerum
2269 3507 2395 3588 jam
2434 3501 2672 3568 Graeci

1189 3640 1368 3701 sunt,
1426 3623 1551 3706 jam
1599 3616 1841 3686 Latini,
1899 3614 2025 3695 jam
2084 3631 2165 3672 ex
2223 3623 2494 3691 utraque
2555 3605 2673 3665 lin-

1191 3750 1318 3812 gua
1359 3739 1613 3786 temere
1658 3717 2022 3798 compositi.
2097 3715 2229 3774 Has
2275 3715 2448 3772 inter
2492 3721 2673 3783 notas

1195 3851 1324 3892 uua
1379 3837 1507 3896 est,
1574 3841 1735 3902 quae
1795 3817 1876 3880 ad
1931 3816 2206 3877 formam
2253 3822 2328 3871 τε
2368 3811 2424 3869 G
2472 3825 2677 3891 prope

1200 3923 1486 3996 secedit,
1543 3933 1611 3982 et
1655 3932 1752 3981 est
1798 3918 2167 3998 episemon‚
2226 3913 2291 3971 id
2336 3925 2470 3985 est,
2528 3921 2677 3970 nota

1201 4023 1474 4096 senarii,
1520 4041 1706 4104 quam
1746 4040 1826 4081 ex
1860 4017 2014 4097 ipsis
2050 4016 2149 4077 his
2184 4014 2394 4072 numis
2430 4024 2678 4094 captam

1204 4131 1327 4214 jam
1373 4124 1524 4189 alibi
1569 4119 1883 4206 proposui
1914 4118 1995 4199 c).
2074 4119 2159 4179 At
2203 4113 2535 4196 displicet,
2582 4132 2685 4174 me

1204 4232 1440 4299 eodem
1493 4227 1644 4289 loco
1699 4236 1918 4286 notam
1964 4217 2262 4302 proxime
2307 4227 2687 4298 sequent-em

1172 4328 1277 4432 ’14
1349 4353 1431 4394 ex
1471 4327 1706 4392 iisdem
1751 4328 1945 4389 etism
1991 4305 2093 4381 his'
2136 4318 2348 4378 numis
2392 4330 2687 4397 tanquam

3395 1370 3447 1443 ἓ.
3490 1371 3568 1435 V.

2742 1511 2840 1569 De
2871 1510 3181 1596 pondere,
3224 1515 3289 1565 ee
3328 1509 3545 1566 valore
3588 1526 3906 1566 numerum
3942 1506 4133 1584 insuia·

3339 1611 3433 1666 ris
3477 1612 3648 1668 aevi.

2880 1772 3007 1866 Qui
3045 1771 3109 1833 in
3148 1771 3560 1853 generalibus
3598 1773 3678 1834 ad
3717 1773 3836 1833 hoc
3869 1794 4003 1856 opus
4030 1772 4135 1833 Pro·

2753 1873 3118 1957 legomenis
3191 1874 3398 1954 capite
3470 1875 3578 1934 IX.
3666 1874 3925 1955 legerit,
3988 1887 4138 1957 atque,

2755 1992 2823 2039 ut
2889 1992 3163 2057 exopt0,
3240 1975 3701 2056 approbaverit
3761 1996 4017 2059 quoque,
4071 1992 4140 2033 ms

2758 2103 2794 2143 a
2839 2075 3388 2161 disquisitionibus
3426 2077 3588 2151 illis,
3631 2097 3796 2160 quae
3837 2076 3910 2140 ad
3943 2073 4144 2159 pondus,

2759 2202 2832 2244 ac
2869 2183 3156 2242 valorem
3195 2190 3492 2238 monetae
3533 2181 3806 2254 veteris,
3850 2181 4012 2239 etism
4038 2177 4147 2254 ejus,

2764 2303 2926 2367 quae
2993 2279 3433 2359 integerrimis
3500 2278 3929 2352 Graecorum,
3987 2280 4151 2338 Roma·

2763 2402 3129 2465 norumqne
3185 2380 3382 2440 rebus
3440 2381 3677 2451 valuit,
3736 2384 4015 2443 alieniore
4052 2394 4150 2438 esso

2766 2488 2979 2548 animo
3040 2496 3427 2566 propterea,
3489 2484 3667 2565 quod
3725 2497 3866 2567 post
3915 2491 4154 2566 praestan·

2768 2588 3162 2647 tissimorum
3225 2586 3417 2644 etiam
3480 2584 3774 2647 virorum
3828 2577 4155 2645 incredibiles

2771 2701 3036 2749 conatus
3089 2705 3220 2746 non
3282 2705 3686 2766 magnopere
3731 2686 4096 2767 profecimus,
4124 2678 4159 2734 is

2771 2809 3176 2871 nequaquam
3264 2784 3639 2861 mirabitur,
3720 2787 3892 2849 nolle
3972 2804 4054 2846 me
4111 2779 4162 2840 sd

2776 2889 3207 2954 enucleandas
3252 2889 3509 2949 easdem
3559 2905 3859 2952 monetae
3901 2881 4162 2968 praesentit
4263 2952 4264 2967 ἵ

2776 3012 2998 3053 causas
3043 3007 3308 3071 operam
3356 2988 3772 3070 longiorem,
3829 3006 4000 3071 atque
4047 2981 4165 3044 indu·

2778 3095 2998 3154 stt-iam
3046 3084 3373 3167 conferre.
3461 3090 3689 3153 Facile
3756 3094 3919 3154 enim
3976 3090 4165 3171 quisquo
4263 3118 4264 3157 l

2778 3192 3127 3271 intelligit,
3189 3205 3426 3276 quanto
3471 3213 3643 3253 nune
3695 3192 4051 3263 turbatiore,
4092 3207 4171 3246 mi·

2784 3297 3012 3378 gisque
3050 3294 3129 3355 ad
3166 3294 3647 3377 prolapsionem
3693 3295 3896 3356 vicina
3928 3293 4077 3352 fuere
4100 3287 4172 3345 im·

2784 3398 3006 3481 peria,
3085 3409 3261 3456 tanto
3331 3396 3534 3476 magis
3602 3398 3968 3469 confusam,
4028 3394 4176 3453 incon·

2787 3513 3189 3580 stantemque
3249 3494 3452 3558 fuisse
3492 3498 3594 3558 rei
3638 3497 4015 3560 monetariae
4051 3490 4177 3552 ratio-

2787 3620 2959 3661 nem.
3030 3600 3258 3681 Neque
3308 3619 3464 3660 vero
3511 3599 3703 3663 aliam
3750 3602 3835 3661 ob
3879 3616 4091 3663 causam
4120 3611 4180 3651 ar·

2792 3714 3171 3783 gumentum
3214 3698 3387 3762 istud
3431 3692 3882 3783 attingendum
3925 3713 4100 3760 tamen
4126 3688 4178 3749 vi·

2794 3822 2971 3876 sum,
3034 3822 3220 3884 qnam
3285 3823 3367 3862 ne
3431 3803 3572 3882 quis
3630 3802 3800 3863 illud
3858 3800 4182 3885 ptaneame

2794 3906 3100 3965 omissum
3137 3904 3645 3985 neglectumque
3684 3905 3886 3987 possit
3927 3895 4185 3983 reprehen-

2797 4005 2977 4067 dere.
3067 4005 3423 4068 Commode
3499 4006 3778 4081 sactum,
3850 4020 3919 4066 ut
3982 3996 4190 4065 erudiw‘

2802 4107 3060 4192 quidam
3104 4105 3327 4170 Gallus
3372 4108 3607 4188 Dupuy
3666 4108 3734 4169 in
3796 4119 4064 4168 naturam
4107 4094 4194 4174 ciffi

2804 4225 3141 4284 monetae,
3203 4230 3365 4292 quae
3429 4209 3584 4270 inde
3629 4232 3662 4269 a
3710 4207 4101 4271 Constantino
4139 4197 4196 4256 Π.

2805 4331 2927 4394 per
2971 4311 3198 4374 orbem
3242 4315 3326 4374 R.
3371 4309 3683 4385 obtinuit,
3732 4308 3944 4390 ampla
3982 4304 4199 4365 disserta·

1209 4435 1447 4503 senarii
1487 4444 1704 4495 notsm
1748 4426 2200 4511 proposuisse,
2244 4441 2432 4504 quam
2478 4432 2694 4480 tamen
2806 4405 3024 4487 tione,
3070 4427 3137 4474 et
3174 4425 3308 4474 toto
3346 4412 3592 4494 ingenii
3629 4411 3778 4472 nisu
3815 4407 4132 4491 inquireret
4151 4394 4200 4471 ἃ)

1286 4665 1347 4735 a)
1387 4660 1522 4717 Mel.
1560 4660 1603 4716 1.
1643 4678 1779 4735 pag.
1816 4670 1941 4729 219.

1217 4752 1388 4813 Tom-
1422 4740 1701 4811 XXVIII.
1738 4765 1871 4825 pag.
1906 4746 2032 4810 641.

2066 4656 2143 4728 b)
2182 4653 2369 4712 Band.
2410 4672 2540 4729 pag.
2581 4653 2704 4714 660.

2847 4650 2907 4721 c)
2944 4645 3078 4707 vol.
3120 4647 3219 4706 1v.
3257 4666 3390 4722 pag.
3432 4651 3564 4717 38²4.
3597 4662 3758 4702 num.
3800 4652 3889 4703 12.
4005 4635 4065 4711 d)
4095 4625 4204 4691 M*
