4388 5576
1013 418 1109 500 62
2039 406 2573 489 LICINIVS
2685 411 3098 491 PATER.
3153 428 3160 435 ’

1022 602 1286 668 Collisis
1338 602 1513 666 inter
1552 619 1626 664 se
1674 595 2099 663 constantiae
2143 608 2212 659 et
2253 597 2522 660 Maxen-

1010 710 1114 771 tio
1160 704 1515 774 verisimile
1574 713 1675 764 est
1716 702 1909 785 hujus
1968 700 2222 763 eminus
2269 697 2522 761 dissidii

1019 822 1459 894 spectatorem
1497 818 1742 868 tantum
1792 802 2030 891 fuisse,
2076 801 2232 886 quin
2277 801 2518 866 favisse

1016 913 1236 1000 potius
1274 906 1742 980 Constantino,
1803 906 1914 988 qui
1959 925 2139 967 suam
2186 904 2290 965 illi
2337 923 2521 966 soro-

1013 1036 1161 1081 rem
1200 1012 1641 1079 Constantiam
1689 1006 2232 1090 desponsaverat,
2274 994 2524 1091 nuptiis

1014 1119 1285 1184 biennio
1328 1128 1477 1201 post
1518 1117 1603 1183 V.
1642 1113 1720 1176 C.
1769 1109 1931 1203 nobb·
1970 1113 2046 1175 P.
2083 1114 2163 1174 Χ.
2211 1110 2337 1174 3ι3
2371 1130 2526 1193 per*

1014 1224 1235 1287 fectis.
1321 1217 1578 1282 Eodem
1625 1234 1795 1277 anno
1843 1213 2019 1277 victo
2084 1212 2257 1297 apud
2312 1214 2519 1275 Hera·

1019 1329 1230 1393 cleam
1309 1306 1630 1382 Thraciae
1713 1314 2107 1390 Maximino,
2197 1314 2306 1398 qui
2381 1315 2526 1378 bel-

1014 1432 1154 1493 lum
1200 1425 1325 1488 sihi
1380 1422 1731 1496 intulerat,
1790 1430 1858 1482 et
1904 1418 2095 1481 Tarsi
2159 1417 2523 1480 miserabili

1014 1543 1232 1597 morte
1312 1527 1635 1591 exstineto
1715 1519 2060 1583 Orientem
2120 1533 2329 1583 totum
2390 1519 2516 1581 sibi

1011 1632 1317 1697 vindicat.
1445 1632 1636 1692 Anno
1712 1635 2032 1707 sequente
2111 1636 2259 1685 orto
2338 1622 2515 1685 inter

1010 1736 1193 1798 hune
1251 1747 1317 1794 et
1376 1728 1866 1793 Constantinum
1928 1724 2142 1800 bello,
2222 1724 2334 1807 qui
2387 1724 2520 1788 seli

1011 1852 1152 1902 turn
1187 1834 1364 1899 orbis
1408 1831 1637 1896 arbitri
1676 1831 1902 1903 fuere,
1946 1826 2155 1889 multo
2203 1827 2520 1911 utrinque

1012 1941 1326 2022 sanguine
1363 1936 1509 1998 fuso
1559 1956 1687 2017 pax
1727 1930 2009 2014 denique
2059 1927 2339 2007 coaluit,
2384 1951 2512 2013 qua

1008 2042 1269 2108 Licinio
1308 2038 1552 2103 Oriens
1589 2057 1738 2099 cum
1780 2032 2061 2098 Thracia
2109 2045 2178 2092 et
2202 2032 2522 2103 Moesiae,

1007 2157 1234 2229 parte,
1295 2141 1551 2224 reliqua
1593 2135 2019 2201 Constantino
2077 2134 2368 2217 subjecta
2410 2134 2515 2196 fu-

1011 2266 1150 2311 ere»
1237 2246 1335 2307 Ea
1388 2262 1543 2305 eum»
1588 2259 1721 2323 per
1788 2257 1991 2300 annos
2052 2237 2278 2319 plures
2331 2235 2512 2299 nulla

1008 2361 1239 2435 aperta
1267 2343 1666 2417 offensione,
1702 2342 1835 2417 ,etsi
1864 2339 2014 2403 ficta
2055 2340 2232 2401 inter
2266 2352 2512 2401 utrum·

1012 2473 1151 2537 que
1185 2447 1464 2514 amicitia
1517 2456 1887 2519 constaret,
1950 2442 2167 2526 erupit
2225 2440 2510 2526 denique

1004 2557 1089 2625 V.
1137 2556 1208 2621 C.
1273 2550 1434 2635 1076
1485 2552 1564 2612 P.
1608 2546 1690 2607 X.
1734 2544 1857 2608 323
1924 2544 2378 2629 gravissimum
2436 2566 2512 2608 ac

1007 2670 1415 2743 postremum
1469 2651 1717 2716 bellum
1756 2661 2022 2711 auctore
2070 2647 2215 2732 ipso
2251 2645 2511 2708 Licinio

1004 2759 1279 2829 violatas
1340 2756 1517 2842 pacis
1596 2752 2007 2817 conditiones
2083 2751 2295 2833 palam
2355 2768 2518 2834 que-

1004 2877 1232 2939 rente,
1280 2861 1462 2943 cujus
1506 2859 1562 2920 is
1617 2856 1742 2918 fuit.
1777 2857 2025 2931 exitus,
2072 2870 2145 2916 ut
2191 2854 2512 2917 acerrima

1008 2985 1232 3052 pugna
1270 2962 1441 3047 apud
1486 2958 2007 3043 Hadrianopoliu
2050 2955 2158 3020 die
2210 2959 2320 3017 111.
2363 2955 2513 3018 Iulii

1007 3069 1252 3141 victus,
1331 3078 1524 3148 atque
1601 3063 1841 3125 iterum
1914 3060 2091 3144 juxta
2155 3057 2519 3122 Chalcedo-

1010 3191 1163 3234 nem
1226 3168 1467 3234 xvnl.
1528 3161 1939 3247 Septembris
2002 3161 2270 3227 victoris
2349 3157 2518 3222 arbi·

1010 3273 1147 3336 trio
1187 3290 1333 3333 sese
1380 3268 1626 3354 dedere
1673 3278 2066 3348 cogeretur,
2112 3286 2147 3326 a
2193 3282 2324 3347 quo
2369 3261 2516 3323 mis-

1014 3396 1125 3440 sus
1144 3372 1443 3457 'primum
1464 3368 1998 3433 Thessalonicam
2018 3395 2045 3443 ,·
2080 3388 2152 3430 ac
2183 3385 2316 3428 non
2355 3364 2519 3425 mul·

1010 3493 1087 3542 to
1120 3489 1270 3562 post
1304 3496 1537 3539 rerum
1564 3492 1877 3535 novarum
1934 3481 2150 3543 metu,
2197 3481 2269 3529 ut
2305 3465 2520 3530 credi-

1012 3596 1190 3658 tum,
1235 3593 1448 3643 morte
1493 3576 1787 3640 adfectus
1838 3585 1985 3649 est,
2018 3585 2087 3633 ut
2132 3571 2367 3633 militia
2404 3568 2519 3633 bo-

1010 3705 1177 3760 nus,
1235 3683 1324 3745 ita
1385 3680 1621 3744 artium
1683 3677 1973 3741 omnium
2044 3674 2522 3755 literarumque

1010 3807 1147 3850 non
1188 3784 1371 3847 rudis
1417 3782 1652 3857 modo,
1713 3792 1786 3840 ut
1830 3797 1976 3840 csse
2032 3774 2261 3836 debuit
2303 3776 2407 3840 vir
2451 3775 2520 3834 in

1015 3889 1191 3973 a'gris
1257 3899 1444 3949 natus
1495 3882 1975 3967 educatusque,
2040 3896 2268 3941 verum
2324 3876 2518 3940 etiam

1018 4011 1101 4054 eo
1145 4008 1354 4073 usque
1416 4005 1609 4064 osor,
1666 3997 1737 4046 ut
1795 4003 1903 4045 eas
1965 3992 2219 4068 pestem
2265 3999 2340 4041 ac
2386 3979 2523 4042 exi-

1014 4094 1181 4158 tium
1226 4089 1474 4176 patriae
1539 4086 1941 4170 appellaret,
2003 4103 2222 4165 neque
2280 4082 2402 4145 alia
2445 4101 2527 4143 re

1021 4194 1232 4279 magis
1304 4190 1783 4265 delectaretur,
1867 4209 2059 4272 quam
2117 4208 2268 4251 cum
2336 4182 2517 4251 viros

1022 4300 1434 4388 praeclarum
1481 4293 1807 4380 quoddam
1853 4291 2220 4352 institutum
2272 4288 2530 4375 profes·

1028 4424 1138 4469 sos
1171 4397 1515 4476 tormentis
1551 4394 1832 4459 subdere
1873 4394 2129 4487 occasio
2161 4391 2306 4456 fuit.
2372 4392 2525 4486 Quo

1030 4506 1206 4572 facto
1251 4523 1400 4567 cum
1446 4500 1730 4566 animum
1769 4493 2122 4560 urbanitati
2151 4507 2220 4557 et:
2267 4514 2532 4559 morum

2635 600 3002 686 elegantiae
3068 599 3315 666 invium
3391 597 3653 665 abunde
3739 600 4114 681 declararet,

2632 703 3046 769 incredibilia
3116 725 3247 769 non
3308 702 3743 783 videbuntur,
3820 727 3982 791 quae
4017 705 4117 771 'de

2635 807 2776 889 ejus
2837 808 3141 884 avaritia,
3198 807 3571 885 fraudibus,
3634 827 3707 871 ac
3768 808 3993 872 infami
4045 809 4120 871 li·

2630 909 2855 973 bidine
2913 909 3186 974 historia
3243 909 3601 974 memoriae
3677 910 4001 1005 prodidit,
4055 926 4120 976 et

2634 1011 2720 1078 de
2792 1014 3162 1097 arrogantia
3234 1033 3312 1080 ae
3385 1017 3653 1099 stupore
3734 1012 4125 1117 eloquuntur

2630 1117 2836 1181 numi.

2758 1222 2947 1287 onr
2972 1223 3068 1285 Η.
3093 1224 3484 1298 Constantia,
3520 1218 3882 1284 Constantii
3900 1217 4119 1282 Chlori

2634 1337 2704 1387 et
2753 1321 3149 1387 Theodorae
3198 1322 3370 1397 filia,
3434 1322 3842 1385 Constantini
3886 1324 3974 1384 M.
4023 1340 4118 1384 so·

2632 1448 2769 1491 ror.
2860 1427 3068 1493 Caeso
3102 1422 3335 1496 marito
3366 1423 3763 1506 aliquamdiu
3810 1420 4121 1506 superfuit

2631 1552 2669 1593 a
2716 1528 2921 1592 fratre
2963 1526 3328 1588 liberaliter
3361 1526 3597 1590 habita.
3704 1526 3866 1610 Ejus
3906 1525 4120 1588 hactea

2631 1653 2750 1694 nus
2787 1631 2969 1696 numi
3002 1650 3134 1692 uon
3164 1626 3450 1712 cogniti,
3496 1629 3628 1692 nisi
3656 1649 3824 1714 quos
3860 1626 4121 1697 Goltzio·

2627 1732 2884 1818 fingere
2916 1732 3184 1816 placuit.

2755 1835 2965 1898 Filius
2999 1840 3338 1921 Licinius,
3376 1832 3461 1898 de
3503 1855 3634 1922 quo
3666 1835 3863 1902 infra.

2826 2063 3120 2125 Licinius
3150 2064 3348 2124 Pater
3379 2069 3601 2123 utrum
3623 2062 3863 2131 Caesar
3879 2060 3914 2122 2

2753 2232 3020 2307 Diserle
3083 2242 3331 2307 adserit
3373 2243 3741 2321 Eusebius,
3805 2243 4118 2331 Licinium·

2627 2359 2815 2410 antea
2870 2346 3219 2411 Caesarem
3270 2367 3404 2410 non
3442 2345 3686 2424 fuisse,
3749 2345 3866 2411 sed
3898 2368 4041 2411 mox
4078 2369 4112 2410 a

2627 2447 2898 2514 Galerio
2974 2454 3372 2536 appellatum
3452 2452 3846 2531 Augustum.
3943 2448 4115 2514 Idem

2627 2565 2903 2616 testatur
2950 2554 3366 2629 Lactantius,
3427 2550 3743 2635 additque
3792 2572 4116 2636 argumen-

2629 2666 2768 2716 tum
2844 2654 2963 2719 illo
3025 2656 3232 2719 multo
3295 2653 3609 2735 validius3
3694 2676 3842 2718 nam
3899 2655 4122 2732 refert,

2628 2757 2932 2821 statuisse
2978 2756 3315 2821 Galerium
3371 2756 3501 2840 jam
3542 2776 3718 2820 anno
3758 2742 3830 2821 P.
3879 2761 3963 2825 X.
3997 2757 4120 2823 305*

2629 2861 2759 2925 sibi
2802 2860 3057 2926 sociare
3108 2860 3434 2924 Licinium
3480 2860 3810 2922 Caesaris..
3844 2861 4124 2936 nomine,

2632 2964 3144 3030 sed‘mutavisse
3190 2961 3574 3038 consilium,
3635 2980 3726 3023 ne
3783 2961 3983 3023 filium
4023 2979 4120 3025 co·

2633 3079 2907 3151 geretur
2940 3067 3279 3130 nominare
3302 3109 3320 3142 ,
3363 3062 3541 3127 forte
3579 3062 3762 3147 quod
3815 3063 3931 3128 ille
3966 3075 4127 3136 aeta·

2631 3180 2699 3230 te
2742 3168 3068 3244 anteibat,
3128 3181 3201 3230 ut
3242 3179 3508 3252 postea,
3571 3164 3792 3244 addit,
3854 3166 3921 3227 in
3964 3165 4120 3229 Con·

2632 3270 2851 3331 stantii
2893 3269 3113 3333 locum
3171 3281 3580 3351 nuncuparet
3620 3271 3985 3352 Augustum
4037 3277 4130 3329 at-

2633 3391 2760 3455 que
2807 3371 3098 3435 fratrem.
3184 3373 3370 3436 Haec
3421 3372 3678 3454 aliaque
3731 3382 4126 3454 argumenta,

2635 3492 2800 3558 quae
2891 3486 3246 3556 praeterea.
3331 3488 3701 3537 memorant
3778 3472 4120 3538 Tillemon·

2633 3575 2761 3637 tius
2794 3574 2890 3655 ²),
2937 3553 3006 3637 et
3036 3573 3334 3644 Horisius
3365 3572 3479 3659 Β),
3512 3576 3789 3639 multum
3809 3586 4121 3663 praestant

2632 3678 2854 3763 paucis
2900 3676 2980 3739 iis
3025 3698 3107 3740 ex
3149 3678 3424 3741 historia
3468 3681 3781 3764 sumptis,
3827 3700 3986 3765 quae
4021 3674 4126 3739 Li-

2635 3780 2879 3844 cinium
2941 3791 3131 3842 antea
3185 3780 3531 3845 Caesarem
3601 3795 3909 3846 statuunt.
4005 3784 4127 3845 Au·

2638 3880 2899 3943 diantur
2937 3901 3098 3946 vero
3140 3894 3212 3944 et
3254 3885 3454 3946 numi.
3560 3883 3863 3977 Quatuor
3899 3880 4124 3967 produ-

2637 3983 2734 4046 xit
2805 3982 3212 4062 Bandurius,
3295 3986 3440 4069 qui,
3482 3987 3816 4050 Licinium
3865 3981 4123 4073 'patrem

2641 4086 2882 4152 omisso
2915 4086 3229 4170 ⁴Augusti
3288 4087 3478 4152 titulo
3522 4087 3747 4155 Nobil.
3794 4092 4125 4166 Caesarem

2639 4188 2907 4256 faciunt.
2995 4191 3210 4259 Vnum
3269 4211 3576 4270 aureum,
3635 4190 3759 4256 sed
3817 4190 3902 4256 de
3958 4187 4125 4272 cujus

2639 4289 2774 4354 fide
2810 4293 2954 4375 ipse
2988 4290 3273 4369 dubitat,
3321 4293 3472 4376 quia
3520 4316 3602 4359 ex
3644 4293 3918 4358 Stradae
3955 4292 4126 4382 fonte

2640 4393 2928 4460 haustus.
3013 4395 3314 4459 Alterum
3341 4416 3619 4462 aeneum
3660 4399 3976 4461 maximae
4005 4391 4123 4455 for·

2643 4517 2827 4576 mae,
2895 4496 2963 4559 in
3004 4497 3188 4580 cujus
3243 4518 3478 4566 aversa
3527 4500 3776 4586 legitur
3815 4490 4126 4563 Exssnc.

2819 4615 2850 4630 ἢ

1046 4643 4121 4680 -1———nu———t—-w

1117 4722 1199 4791 a)z
1222 4715 1374 4776 Nota
1411 4711 1572 4774 XIX.
1610 4709 1675 4769 iu
1714 4707 2080 4769 Constantin.

2194 4768 2197 4770 ,
2232 4706 2303 4781 b)
2340 4702 2499 4772 Diss,
2537 4705 2608 4767 11.
2651 4705 2725 4768 de
2762 4726 2924 4769 num.
2960 4704 3151 4771 Licin..
