4388 5576
1017 438 1171 511 DE
1260 435 2124 516 PROCONSVLIB.
2217 442 2832 518 CAESARIB.

385 625 561 688 inter
633 620 1025 685 existimavit
1096 621 1377 704 Pagina,
1457 623 1770 685 Caesares
1837 644 1878 686 a

382 723 839 813 proconsulari
890 724 1171 809 imperio
1222 742 1625 808 praenomen
1673 729 1878 805 Impe-

382 832 620 895 ratoris
670 826 993 890 habuisse.
1079 824 1484 890 A'dversatur
1540 826 1695 889 huic
1744 826 1878 888 No-

383 931 611 1006 risius,
679 929 866 1012 quia,
926 930 1165 1014 inquit,
1238 932 1411 993 inter
1464 928 1690 991 titulos
1745 930 1876 991 An-

380 1046 718 1116 gustorum
763 1032 829 1092 in
876 1031 1307 1095 marmoribus
1365 1051 1442 1096 ac
1483 1030 1696 1091 numia
1742 1027 1875 1113 pri-

331 1166 336 1172 *
379 1136 491 1199 mo
567 1136 721 1198 loco
792 1147 1054 1195 notatur
1125 1133 1348 1195 titulus
1434 1132 1869 1219 imperatoris,

376 1250 715 1322 postremo
781 1228 1229 1322 proconsulis,
1303 1255 1387 1298 ex
1465 1254 1595 1317 quo
1672 1246 1871 1316 patet,

379 1322 751 1425 utrumque‘
774 1341 975 1423 longe
1030 1338 1329 1401 diversae
1383 1354 1528 1398 esse
1574 1336 1866 1410 rationis,

376 1460 486 1508 aut
539 1444 765 1505 saltem
818 1462 1014 1503 unum
1061 1441 1141 1505 ab
1192 1440 1401 1520 altero
1459 1458 1866 1520 nequaquam

375 1545 722 1611 evidenter
758 1542 1066 1607 derivari.
1153 1542 1453 1617 Deinde,
1501 1540 1759 1624 quando
1786 1542 1865 1603 ab

376 1649 685 1734 Augustis
746 1667 986 1709 nomen
1034 1645 1328 1707 Caesaris
1384 1645 1458 1705 ac
1513 1645 1863 1723 imperium

370 1751 844 1841 proconsulare
898 1746 1091 1808 alteri
1141 1747 1447 1822 dabatur,
1509 1745 1569 1805 is
1623 1744 1707 1807 ab
1746 1744 1866 1811 im-

370 1855 563 1939 perio
611 1852 1062 1938 proconsulari
1106 1870 1235 1911 non
1273 1848 1614 1909 dicebatur
1661 1847 1865 1928 impe·

370 1971 591 2031 rator,
650 1958 765 2015 sed
806 1953 1178 2034 proconsul.
1271 1951 1441 2010 Sane
1483 1969 1698 2032 neque
1736 1952 1863 2011 Ne·

316 2066 323 2072 ’
369 2077 639 2129 ronem,
713 2074 932 2137 neque
987 2058 1080 2116 M.
1133 2052 1474 2115 Aurelium
1526 2048 1859 2126 Caesares,

368 2159 494 2225 etsi
527 2173 803 2240 uterque
852 2154 1309 2241 proconsulari
1344 2153 1624 2234 imperio
1671 2172 1860 2213 orna·

371 2276 474 2326 tus
517 2276 731 2340 esset,
792 2262 1037 2342 uspiam
1104 2255 1385 2341 legimus
1443 2230 1857 2339 imperatoris

366 2362 792 2446 praenomine
840 2380 1014 2421 usos.
1063 2400 1071 2411 -
1116 2358 1369 2422 Taedet
1407 2361 1693 2421 rationes
1738 2356 1858 2418 Pa-

370 2468 498 2549 gii,
546 2464 781 2547 quibus
828 2463 881 2524 is
918 2483 1029 2522 sua
1065 2460 1284 2538 fulcit,
1352 2475 1460 2523 aut
1507 2458 1856 2543 speciosas,

368 2581 475 2631 aut
506 2565 829 2640 infirmas,
888 2578 997 2628 aut
1032 2563 1234 2626 nimio
1273 2562 1544 2627 subtiles
1574 2562 1855 2633 referre,

365 2690 557 2752 quas,
603 2669 656 2729 si
706 2668 925 2751 cupis,
966 2666 1278 2730 collectas
1322 2665 1522 2729 habes
1561 2663 1729 2747 apud
1766 2663 1851 2726 cl.

361 2773 851 2838 Mazzolenum.
938 2770 1025 2831 At
1055 2768 1280 2834 docuit
1310 2768 1740 2852 spanhemius
1774 2771 1853 2850 ⁸),

365 2897 665 2952 omnem,
721 2886 833 2939 aut
886 2887 1069 2935 certe
1103 2873 1515 2958 praecipuam
1563 2873 1687 2934 vim
1740 2890 1856 2953 po-

361 2979 611 3042 testatis
644 2976 1133 3061 proconsularis
1180 2978 1243 3035 in
1290 2974 1701 3058 imperatoris
1743 2991 1853 3036 vo-

365 3083 598 3145 cabulo
630 3081 831 3143 fuisse
878 3079 1148 3161 positam
1177 3122 1193 3152 ,
1237 3077 1420 3158 cujus
1470 3096 1709 3158 nempe
1746 3095 1855 3135 au-

282 3239 291 3246 .
362 3175 580 3268 spiciis
613 3179 895 3245 Romani
942 3178 1141 3240 duces
1182 3180 1354 3240 bella
1393 3177 1854 3258 suscipiebant,

358 3307 488 3371 quo
542 3305 674 3347 uno
728 3282 992 3344 nomine
1042 3300 1418 3362 supremum
1474 3292 1846 3340 exterarum

358 3389 567 3470 juxta,
646 3399 713 3448 et
760 3381 1152 3444 urbanarum
1214 3401 1434 3441 rerum
1485 3378 1847 3454 arbitrium,

359 3489 784 3567 omniumque
820 3483 1309 3563 magistratuum
1343 3481 1483 3561 jura
1528 3482 1593 3541 in
1630 3483 1849 3561 Augu-

357 3603 569 3661 stum,
641 3597 715 3646 ut
764 3583 960 3647 docet
1015 3582 1185 3657 Dio,
1258 3583 1448 3647 fuere
1520 3582 1843 3645 translata.

357 3692 643 3760 Tamen,
699 3686 827 3749 etsi
867 3683 1336 3770 proconsulare
1361 3661 1735 3768 ,imperiu‘m
1767 3684 1847 3747 ab

357 3789 776 3871 imperatoris
808 3789 999 3851 titulo
1031 3788 1385 3850 duceretur
1405 3832 1422 3864 ,
1465 3786 1667 3850 fuisse
1698 3805 1844 3870 pro·

358 3891 644 3956 consulis
676 3910 913 3953 nomen
939 3887 1256 3972 peculiari
1287 3885 1370 3952 de
1408 3909 1596 3951 causa
1619 3934 1635 3964 ,
1679 3904 1744 3950 et
1778 3890 1845 3948 in

230 3993 236 4000 ⁴
280 4027 295 4044 ν
355 3996 634 4077 Augusti
670 3993 939 4076 gratiam
973 3991 1283 4057 additum.
1371 3993 1635 4072 Divisus
1666 3981 1875 4064 nem-l

252 4141 257 4146 «
354 4116 440 4179 pe
482 4096 564 4159 ab
607 4109 691 4160 eo
742 4097 956 4159 fuerat
1008 4094 1187 4158 orbis
1230 4097 1311 4157 R.
1364 4091 1844 4179 inprovincias

354 4199 650 4261 Caesaris
677 4214 743 4262 et
770 4198 1030 4282 populi,
1076 4218 1344 4279 quarum
1370 4194 1843 4278 posterioribus

352 4300 758 4382 magistratus
796 4299 1021 4384 populi
1061 4298 1180 4361 sub
1225 4299 1693 4383 proconsulum
1731 4305 1851 4375 no-'⁴

332 4401 526 4464 smine
555 4415 957 4487 praeessent.
1044 4399 1274 4477 Vnde,
1321 4414 1391 4462 ut
1419 4401 1842 4463 nihilominus

352 4504 646 4570 Caesaris
682 4502 987 4587 auspiciis
1028 4520 1256 4565 omnes
1291 4501 1438 4566 illas
1471 4503 1840 4585 provincias

3342 473 3480 543 &lit

1990 646 2077 690 ex
2121 645 2333 712 aequo
2377 627 2816 692 administrari
2863 628 3261 714 singularum
3298 657 3486 721 prae·

1990 729 2166 791 sides
2232 729 2491 794 facilius
2551 734 3046 815 intelligerent,
3109 758 3233 800 nec
3316 744 3480 806 ullas

1986 844 2208 915 partes
2245 831 2424 894 orbis
2456 837 2533 896 R.
2573 835 2854 919 imperio
2902 836 3079 898 illius
3125 857 3479 925 exemptas,

1986 936 2292 997 translata
2343 948 2445 998 est
2499 935 2611 998 illa
2664 940 3075 1016 proconsulis
3129 941 3211 1003 ad
3262 932 3483 1028 'Augu-

1987 1050 2153 1101 stum
2176 1085 2194 1116 ,
2239 1051 2302 1101 et
2324 1057 2744 1100 successores
2761 1042 3217 1104 nomenclatio.
3266 1049 3480 1130 Atque

1984 1140 2066 1213 ab
2099 1140 2220 1202 hac
2261 1139 2637 1220 Spanhemii
2681 1143 3000 1205 sententia
3042 1165 3174 1208 non
3216 1168 3480 1231 magno-

1983 1262 2148 1323 pere
2182 1240 2410 1329 difl‘ert
2447 1240 2558 1303 illa
2582 1285 2598 1318 ,
2647 1263 2838 1326 quam
2877 1249 3178 1330 exposuit
3217 1255 3481 1317 Mazzo-

1954 1360 1957 1361 ’
1982 1344 2172 1408 lenus
2205 1338 2296 1421 b).

2106 1446 2212 1506 Ex
2240 1444 2427 1507 dictis
2457 1443 2792 1509 luculente
2821 1451 3273 1535 perspicimus,
3309 1478 3475 1541 quae

1980 1547 2179 1611 fuerit
2199 1545 2461 1630 imperii
2481 1550 2969 1629 proconsularis
2991 1555 3297 1620 Caesarei
3317 1582 3475 1641 prae

1971 1650 2135 1725 illo,
2184 1649 2354 1734 quod
2410 1649 2476 1709 in
2509 1649 2672 1739 alios
2712 1651 2892 1713 vario
2926 1668 3227 1739 tempore
3276 1663 3479 1726 colla·

1980 1765 2113 1813 tum
2142 1750 2297 1827 fuit,
2344 1750 2759 1812 excellentia.
2846 1756 2949 1814 Ex
2977 1758 3256 1821 a'dducto
3295 1765 3472 1827 enim

1978 1855 2167 1918 altius
2202 1854 2433 1916 Dionis
2467 1851 2843 1914 testimonio
2866 1899 2882 1929 ,
2929 1877 3057 1939 quo
3096 1857 3306 1924 delata
3339 1866 3470 1927 Au-

1977 1970 2167 2038 gusto
2229 1975 2306 2017 ea
2364 1967 2652 2036 potestas
2710 1971 3045 2034 narratur,
3126 1963 3336 2045 liquet
3397 1970 3469 2045 1.‚

1972 2057 2177 2120 fuisse
2218 2077 2359 2118 eam
2407 2055 2721 2138 majorem
2771 2057 2839 2116 in
2890 2060 3161 2143 singulis
3206 2068 3470 2147 provin-

1973 2159 2127 2235 ciis,
2174 2180 2363 2242 quam
2416 2176 2636 2221 earum
2695 2156 3047 2242 Praefectis
3095 2166 3466 2247 ordinariis,

1972 2282 2055 2324 ex
2099 2282 2228 2345 quo
2263 2260 2412 2342 jure
2445 2259 2528 2321 de
2573 2264 2893 2325 sententia
2932 2266 3310 2347 Spanliemii
3348 2268 3471 2339 flu,-

1973 2363 2066 2428 xit
2139 2365 2358 2426 etiam'
2405 2376 2731 2445 potestas,
2811 2368 2894 2425 ‘in
2970 2373 3462 2451 proconsulum,

1970 2464 2079 2549 qui
2116 2464 2470 2546 provinciis
2519 2466 2748 2546 populi
2784 2469 2863 2528 R.
2895 2487 3312 2551 praeessent,
3370 2477 3465 2539 fa·

1972 2582 2073 2629 cta
2115 2581 2179 2627 et
2243 2586 2464 2628 mores
2521 2565 2932 2647 inquirendi,
3004 2573 3216 2637 missis
3264 2578 3461 2639 etiam

1970 2671 2035 2731 in
2096 2691 2206 2732 eas
2261 2666 2746 2750 cognitoribus,
2815 2670 2924 2757 qui
2967 2688 3112 2737 snas
3154 2694 3229 2737 ea
3277 2677 3341 2737 in
3387 2699 3462 2743 re

1969 2771 2150 2838 vices
2172 2772 2561 2857 implerent,
2609 2770 2789 2852 cujus
2808 2771 3064 2836 illustre
3086 2780 3465 2865 exemplum

1971 2874 2169 2939 offert
2203 2894 2489 2938 marmor
2525 2871 2795 2936 Gruteri
2827 2875 2908 2957 c).
2951 2878 3032 2940 11.
3070 2874 3467 2946 fuisse'eum

1967 2973 2502 3064 proconsulatum
2573 2989 3007 3059 perpetuum,
3083 3001 3251 3059 non,
3313 2981 3498 3069 qual

1969 3082 2047 3141 lis
2085 3080 2209 3143 fuit
2245 3099 2506 3153 eorum,
2556 3097 2717 3159 quos
2757 3098 2951 3159 supra
2983 3087 3460 3165 recensuimus,

1969 3183 2475 3262 temporarium,
2520 3199 2736 3260 neque
2780 3197 3052 3242 necesse
3101 3185 3340 3260 fuisse,
3386 3189 3465 3248 il·

1962 3281 2079 3342 lud
2121 3281 2329 3343 semel
2372 3293 2712 3360 acceptum
2769 3280 3084 3363 deinceps
3130 3289 3459 3366 renovari,

1963 3398 2071 3445 aut
2122 3386 2236 3444 111.
2284 3402 2434 3463 eugn
2492 3380 2662 3444 intra
2708 3384 3122 3462 pomoerium
3174 3385 3464 3468 depone-

1962 3505 2078 3557 re,
2144 3480 2322 3564 quod
2383 3494 2601 3543 tamen
2661 3482 2806 3544 aliis
2864 3483 2981 3544 suit
3043 3484 3456 3568 imperatum.

1962 3586 2063 3645 En
2109 3582 2229 3644 tibi
2282 3582 2780 3666 proconsulatus
2813 3588 3116 3648 Caesarei
3161 3610 3291 3651 non
3327 3614 3460 3654 am·

1963 3688 2142 3769 plum
2181 3683 2379 3746 modo
2414 3682 2804 3763 discrimen,
2851 3688 2967 3749 sed
3012 3703 3081 3751 et
3124 3692 3461 3754 excellen-

1960 3790 2137 3852 tiam.
2223 3788 2388 3858 Nam
2446 3787 2503 3847 si
2562 3785 2689 3868 jam
2745 3791 2978 3868 nimia,
3038 3806 3106 3854 et
3164 3792 3458 3859 libertati

1959 3890 2218 3950 inimica
2263 3889 2600 3974 plerisque
2636 3887 2772 3983 visa
2808 3892 2931 3954 fuit
2966 3897 3455 3979 proconsularis

1958 3990 2262 4073 Pompeji
2308 3985 2625 4071 potestas,
2671 3991 2797 4053 etsi
2840 3994 3004 4058 intra
3055 3999 3456 4084 quinquage-

1960 4096 2193 4156 simum
2250 4114 2284 4154 a
2325 4093 2487 4155 mari
2537 4093 2910 4158 milliarium
2976 4101 3452 4180 contineretur,

1959 4211 2198 4279 quanto
2229 4195 2654 4259 illustriorem
2671 4218 2941 4262 necesse
2964 4214 3060 4261 est
3079 4200 3280 4264 fuisse
3301 4226 3456 4287 pro·

1960 4300 2363 4364 consulatum
2411 4301 2854 4379 Augusteum,
2919 4301 3024 4364 cui
3071 4305 3451 4384 provinciae

1959 4420 2217 4473 omnes,
2278 4420 2496 4484 neque
2535 4413 2778 4462 tantum
2828 4419 3047 4470 earum
3098 4425 3282 4486 pars,
3332 4408 3452 4471 sed

1942 4515 2132 4600 'totae
2159 4502 2428 4572 fuerunt
2458 4501 2835 4584 subjectae?
2881 4505 3303 4602 Quapropter
3334 4530 3448 4575 ne.

416 4726 476 4794 a)
516 4719 672 4783 Diss.
710 4717 842 4779 ΧΠ.
882 4738 940 4796 p·
978 4715 1106 4782 467.
1147 4791 1155 4799 .
1251 4711 1324 4787 b)
1362 4712 1403 4775 l.
1443 4732 1492 4774 c.
1531 4733 1594 4792 p.
1640 4716 1763 4782 1⁵6.

1911 4719 1967 4790 e)
1990 4716 2141 4792 fag.
2180 4724 2308 4781 381·
2350 4723 2404 4779 3·
