4388 5576
1056 559 1211 633 an
1282 555 1871 638 vonvmm.
1928 530 2600 646 SECYNDVM.

1824 707 1831 712 ’
1898 748 2053 792 uua.
2087 727 2201 790 Ait
2235 726 2444 806 enim,
2490 674 2792 811 (Lettere
2832 730 2911 793 Τ.
2946 729 3026 795 ’7.
3060 731 3382 817 prXV.)
3425 756 3434 759 ·

635 730 713 794 P.
746 747 885 794 too.
921 725 1044 794 lin.
1081 750 1183 813 17.
1217 729 1344 815 co(-
1382 751 1440 796 1.

419 851 680 917 Dicitur
702 848 812 914 hic
841 862 913 913 et
939 847 1239 931 proxime
1267 847 1566 932 Iuppiter
1592 846 1799 911 Nice·-

276 956 563 1039 ρΙιονω,
618 954 729 1041 qui
776 952 1176 1032 aetoplzorus
1205 948 1801 1016 dicendusfuerat.

906 1120 972 1181 P.
1008 1135 1151 1200 109.

424 1282 443 1313 ,
507 1251 575 1298 et
639 1238 851 1299 refert
909 1235 1309 1319 Procopius,
1376 1233 1492 1318 (de
1519 1244 1531 1255 ·
1561 1235 1778 1298 Aedif.

287 1339 439 1399 lust.
475 1338 558 1402 L.
594 1338 705 1405 Vl.
738 1356 794 1400 c.
819 1338 913 1418 n.)
964 1335 1137 1421 apud
1190 1335 1494 1419 Augilam
1536 1336 1780 1419 Libyae

288 1436 500 1499 adhuc
538 1435 888 1499 Iustiniano
925 1434 1287 1520 imperante
1324 1437 1580 1499 stetisse
1621 1451 1781 1501 tem·

286 1539 393 1620 pla
446 1559 626 1601 sacra
660 1537 1004 1618 Ammoni,
1061 1554 1130 1602 et
1161 1536 1541 1600 Alexandro
1566 1540 1655 1603 M.
1688 1540 1779 1602 vi-

282 1640 494 1704 ctimis
574 1639 831 1726 utrique
902 1665 943 1705 a
1005 1639 1517 1703 sacrificulorum
1572 1660 1779 1726 grege

284 1742 536 1807 oblatis.

631 1930 712 1990 KP.
750 1946 886 2009 uq.
920 1926 1046 1991 ool.
1082 1948 1134 1991 1.
1163 1926 1283 1990 lc’n.
1326 1923 1421 1990 15.

412 2047 782 2111 Certiorem
836 2065 1050 2129 nuper
1103 2043 1294 2125 hujus
1351 2063 1620 2108 aversae
1667 2065 1779 2107 ex·

284 2151 704 2235 plicationem
764 2147 976 2210 attulit
1033 2144 1135 2210 vir
1194 2144 1465 2228 insignia
1524 2146 1790 2208 Ennius*

283 2251 611 2328 Visconti,
654 2253 849 2332 (Mna.
883 2246 1275 2309 Pio-Clem.
1312 2248 1389 2311 Τ.
1416 2247 1525 2313 VI.
1544 2269 1611 2331 p.
1645 2248 1774 2331 16.)

279 2354 590 2416 nimirum
621 2351 786 2414 hanc
818 2347 1034 2414 navim
1066 2368 1211 2412 esse
1242 2347 1538 2426 eandem,
1581 2370 1777 2433 quam

278 2455 524 2519 indicat
574 2452 951 2515 Athenaeus
1007 2449 1117 2531 (L.
1150 2450 1232 2516 V.
1264 2469 1328 2532 p.
1364 2452 1542 2531 209.)
1584 2451 1798 2530 nimi-x

277 2578 427 2620 rum
470 2577 596 2641 qua
629 2553 996 2637 Antigonus
1029 2549 1397 2613 Ptolemaei
1435 2551 1636 2616 duces
1672 2574 1776 2616 su.

280 2657 557 2742 peravit,
597 2674 917 2740 quamque
963 2651 1017 2716 ia
1056 2650 1296 2716 deinde
1337 2653 1631 2737 Apollini
1665 2654 1777 2718 de-

280 2759 538 2825 dicavit.
1782 2755 1793 2764 ’

908 2945 981 3005 Ρ.
1012 2957 1148 3006 mo.

408 3059 683 3139 Ποιητρυ
715 3054 766 3122 δ’
792 3084 852 3135 ην
898 3056 1020 3137 ἄρα
1053 3053 1371 3144 και(Ῑ)ημῃ
1408 3052 1607 3122 δουναι
1637 3083 1778 3121 πτε-

279 3189 377 3247 ea,
422 3187 522 3224 και
571 3157 818 3245 nebulam
852 3182 1072 3232 ταυτην
1112 3158 1209 3220 ἔπι
1244 3180 1352 3233 την
1383 3156 1637 3237 §ensem
1679 3182 1784 3241 με·

278 3283 526 3346 vuemo»
563 3258 751 3342 δοξης
787 3264 1064 3343 αιγιγελον
1096 3283 1150 3325 κ.
1167 3282 1228 3342 τ.
1241 3263 1311 3325 λ.
1380 3259 1487 3321 Ad
1516 3273 1775 3343 poetam

280 3382 499 3432 autem
540 3362 828 3448 pertinet
869 3362 1107 3423 Famae
1144 3359 1300 3422 darc
1331 3360 1507 3437 alass
1537 3375 1605 3423 et
1636 3362 1777 3424 mit·-

281 3486 430 3534 tere
477 3487 621 3530 eam
665 3464 766 3529 via
815 3466 1009 3525 ae’rea
1045 3461 1125 3524 ad
1161 3460 1595 3525 Occidentem
1636 3464 1775 3547 glo-

276 3571 423 3633 riae
455 3567 777 3632 nunciam.
858 3564 1225 3648 (Himerius
1259 3564 1549 3647 sophista
1585 3564 1770 3631 Orat.

268 3673 457 3736 XIII.
497 3668 737 3756 §.120

642 3858 711 3918 P.
740 3849 877 3916 133.
915 3852 1039 3914 col.
1066 3870 1123 3912 2.
1165 3854 1283 3915 lin.
1312 3870 1435 3935 19...

410 3979 558 4040 Non
602 3974 822 4039 adrisit
867 3972 1178 4055 judicium
1221 3969 1440 4034 meum
1486 3967 1769 4053 Seniue,

274 4078 433 4163 quia
468 4077 536 4139 in
570 4098 725 4154 suo,
773 4095 967 4160 quem
1004 4095 1154 4138 meo
1190 4074 1477 4137 similem
1511 4077 1775 4159 placuit,

273 4179 530 4261 legitur
565 4173 850 4241 ‹1›EPA.
907 4178 994 4240 At
1035 4191 1291 4266 certum·
1334 4190 1464 4256 est,
1517 4166 1588 4240 in
1626 4201 1776 4244 meo

270 4281 426 4363 legi
475 4279 923 4356 manifestum,
969 4293 1037 4344 et
1086 4280 1299 4343 solum
1349 4278 1530 4358 ΘΕ..
1577 4296 1652 4346 ut
1689 4296 1780 4348 ta-

269 4403 507 4458 ceam,
568 4402 717 4443 eum
763 4382 907 4444 aliia
957 4383 1148 4446 etiam
1200 4370 1408 4448 causis
1460 4403 1593 4448 suo
1630 4403 1774 4448 esso

275 4482 691 4549 dissimilem.

648 4672 723 4734 P.
759 4668 897 4746 146.
939 4669 1063 4734 col.
1091 4690 1146 4735 1.
1185 4671 1306 4737 lin.
1338 4681 1434 4746 ¹4·

419 4789 555 4854 Sed
603 4788 1038 4853 stomachatur
1081 4789 1269 4853 haec*
1297 4789 1528 4857 dictata
1580 4789 1782 4856 sesti-

3296 581 3386 646 25

1897 849 2165 899 numum
2207 847 2429 892 meum
2474 848 2621 891 esse
2657 828 2983 907 vitiatum,
3035 851 3252 915 neque
3284 852 3388 894 re·

1876 929 2063 993 ferri
2121 949 2317 1013 posse
2380 929 2462 993 ad
2520 931 2754 993 urbem
2817 932 3095 1015 aliquam
3148 932 3387 1015 Othryi

1900 1030 2280 1094 Thessaliae
2320 1032 2526 1094 monti
2565 1030 2855 1096 adsitam.
2895 1034 3202 1116 Denique
3241 1054 3386 1097 esse

1878 1131 2359 1215 corrigendum
2397 1154 2480 1197 ex
2511 1154 2708 1199 numo
2749 1153 2869 1197 suo
2901 1134 3131 1211 simili,
3174 1134 3240 1197 in
3285 1155 3390 1197 cu-

1892 1232 1993 1313 jus
2036 1253 2264 1299 aversa
2312 1248 2441 1296 esta
2511 1232 2708 1298 ΘΕΒ.
2756 1236 3037 1315 Οζγρειω·
3079 1257 3227 1298 cum
3272 1237 3390 1297 ha-

1893 1346 2022 1398 sta.
2098 1331 2465 1397 Monendua
2527 1332 2770 1410 lector,
2825 1335 2990 1397 haec
3044 1334 3123 1399 ad
3185 1356 3383 1398 unum

1896 1433 2109 1496 omnia
2139 1448 2414 1510 temere,
2442 1446 2636 1519 atque
2663 1433 3031 1498 inconsulto
3064 1456 3210 1519 esse
3241 1458 3391 1520 pro-

1891 1535 2035 1598 lata.
2091 1536 2234 1613 Ait,
2287 1556 2552 1598 numum
2600 1555 2820 1599 mcum
2866 1556 3015 1599 esse
3059 1536 3389 1614 vitiatum,

1892 1634 2069 1721 quod
2105 1657 2252 1700 esse
2286 1636 2519 1700 falsum
2549 1635 2692 1718 ipse
2723 1656 2918 1701 nosse
2953 1636 3205 1714 debuit3
3238 1660 3387 1701 nam
3501 1695 3503 1698 ,

1884 1758 1974 1801 eo
2006 1740 2188 1814 loco,
2235 1759 2365 1823 quo
2395 1737 2904 1815 numumfldidi,
2951 1737 3211 1802 disertis
3244 1761 3391 1804 ver·
3447 1790 3454 1798 .

1874 1840 1990 1903 his
2039 1841 2293 1902 monui:
2352 1862 2622 1903 numum
2670 1862 2810 1903 esse
2858 1843 3388 1920 integerrimum,

1891 1954 1959 2004 et
1994 1942 2184 2002 nulla
2224 1943 2335 2005 sui
2368 1954 2562 2024 parte
2601 1943 2936 2003 attritum.
2995 1939 3068 2001 Si
3107 1940 3276 2019 dixi,
3319 1942 3387 2002 in

1892 2064 2121 2107 aversa
2149 2060 2302 2103 esse
2318 2044 2517 2124 sorte
2552 2060 2725 2103 aram
2746 2084 2764 2115 ,
2807 2038 2981 2102 istud
3016 2040 3244 2105 vitium
3277 2064 3393 2104 nu-

1891 2143 1980 2205 mi
2011 2164 2146 2205 non
2180 2140 2414 2225 arguit,
2449 2139 2567 2203 sed
2599 2139 2776 2226 quod
2806 2162 3000 2225 saepe
3032 2140 3124 2219 fit,
3154 2157 3379 2226 typum

1888 2244 2107 2328 ipsum·
2134 2243 2295 2306 mihi
2331 2261 2474 2304 esse
2510 2240 3014 2325 incompertum.
3074 2244 3179 2305 Ad
3223 2245 3426 2308 haec-

1890 2345 2151 2409 litterae
2199 2342 2344 2406 ΟΘ.
2391 2356 2531 2406 tam*
2564 2356 2712 2406 aunt
2756 2343 3131 2420 evidentes,
3194 2367 3386 2428 quam

1892 2468 2037 2510 esse
2088 2447 2156 2509 in
2208 2460 2440 2513 vetere
2494 2447 2797 2529 quopiam
2844 2466 3043 2508 numo
3089 2462 3382 2527 possunt.

1892 2549 2128 2612 Cetera
2162 2549 2486 2611 lectorem
2524 2567 2655 2608 non
2689 2547 3005 2623 monebo,
3041 2548 3152 2630 qui
3180 2550 3382 2622 novit,

1888 2671 2020 2712 non
2063 2649 2326 2712 unicum
2369 2646 2495 2710 hoc
2540 2668 2687 2717 esse
2733 2648 3110 2734 exemplum
3151 2650 3381 2710 monti·

1890 2752 2182 2813 colarum
2219 2749 2288 2811 in
2319 2749 2531 2812 numis
2560 2748 3005 2832 proditorum,
3040 2770 3202 2833 quoa
3233 2770 3387 2832 geo-

1892 2852 2126 2936 graphi
2172 2850 2526 2916 reticuere.
2589 2854 2837 2914 Tamen
2885 2855 3077 2915 Mart.
3118 2853 3385 2934 Capella

1890 2953 2172 3014 Pindum
2233 2965 2300 3015 et
2355 2951 2611 3037 Othryn
2673 2953 3099 3036 Lapitharum
3160 2954 3386 3017 sedem

1890 3053 2075 3118 dixit.
2136 3055 2247 3133 (L.
2281 3056 2394 3121 Vl.
2443 3054 2528 3117 de
2574 3055 2912 3118 Geometr.
2952 3056 3072 3117 sub
3104 3057 3380 3119 Thessa-

1891 3155 2035 3236 lia.)
2091 3156 2276 3236 Ergo
2318 3155 2432 3216 ille
2478 3169 2586 3217 aut
2626 3174 2771 3216 cum
2810 3153 3106 3237 Othrytis
3143 3160 3383 3220 nostris

1890 3254 1959 3315 in
1991 3252 2262 3337 gratiam
2289 3252 2549 3330 redeat,
2584 3267 2695 3315 aut
2718 3253 2906 3316 nohis
2935 3256 3388 3324 urbem-aliam
3467 3289 3470 3290 ⁷

1891 3353 2088 3438 palati
2147 3353 2252 3416 sui
2306 3354 2386 3418 ab
2452 3352 2575 3415 ΟΘ
2636 3354 3058 3438 incipientem
3119 3359 3386 3439 prodat,

1892 3456 2234 3540 valeatque
2297 3475 2446 3519 cum
2508 3476 2626 3518 aua
2668 3452 2899 3535 ΘΕΒ.,
2965 3457 3272 3540 hastaque
3320 3474 3386 3520 et

1894 3561 2148 3641 clypeo.
2447 3561 2456 3570 “

2265 3745 2336 3808 Ρ.
2372 3746 2503 3822 ¹59·
2545 3746 2669 3808 col.
2706 3767 2757 3811 1.
2793 3747 2914 3810 lin.
2945 3757 3000 3811 ι’.

2019 3866 2303 3928 Numnm
2335 3866 2509 3928 hunc
2541 3865 2855 3927 Asculum
2886 3864 3159 3949 Apuliae
3199 3886 3388 3930 revo-

1889 3982 1991 4032 cat
2021 3967 2346 4044 Sestiana,
2380 3980 2452 4029 ut
2480 3965 2758 4029 diximus
2787 3967 2997 4034 altius.
3045 3974 3117 4032 ln
3146 3966 3390 4033 adden-

1894 4070 1993 4134 dis
2028 4070 2109 4135 ad
2142 4070 2472 4140 Volumen
2502 4072 2551 4136 1.
2588 4068 2669 4134 ad
2701 4090 2849 4155 pag.
2886 4081 3022 4146 ¹4¹·

2163 4314 2242 4376 Ρ.
2270 4310 2405 4374 168.
2447 4309 2571 4371 col.
2601 4332 2666 4372 1..
2683 4323 2836 4389 post
2872 4312 2990 4373 lin.
3017 4310 3117 4372 30.

2201 4481 3148 4577 NEOPTOLEMVS‘

2027 4685 2242 4748 Scuta
2291 4687 2425 4747 tria
2478 4688 2551 4748 in
2606 4686 2827 4747 orbem
2875 4667 3278 4768 composita,
3342 4683 3389 4745 ae

1826 4741 1837 4748 ἱ
1895 4781 2659 4851 ΝΕΟΠΤΟΛΕΜΟΤ.
2706 4787 2911 4850 Basis
2958 4809 3108 4850 cum
3146 4790 3392 4850 colum-

2834 4890 2895 4949 D
