4388 5576
1338 469 2359 571 PSEVDOMONETA

324 656 606 725 siderius
670 660 908 721 Caesar
976 667 1075 717 est
1147 652 1365 736 potius
1427 655 1813 719 Desiderius

246 772 249 773 ’
323 748 569 845 sui-iga.
629 758 799 828 Vide
834 756 1004 818 infra
1042 760 1252 841 capite
1290 776 1426 840 seq.
1463 757 1530 819 in
1566 758 1817 819 Decur-

328 863 618 927 sionibus
665 860 782 923 sub
826 859 1119 924 DESlD.
1163 861 1297 922 Nc.

457 971 775 1031 Iulianus.
835 960 1206 1025 Advocatus
1264 981 1345 1021 ex
1400 980 1597 1022 numo
1652 956 1817 1019 male

328 1069 541 1142 lecto,
589 1066 699 1150 qui
746 1077 843 1126 cst
883 1063 1197 1127 Antonini
1232 1061 1350 1121 Pii.
1442 1061 1611 1127 Vide
1656 1059 1821 1123 infra

330 1171 549 1253 capite
585 1188 728 1251 seq.
767 1168 817 1242 ξ.
849 1166 888 1227 6
922 1165 1040 1226 sub
1076 1164 1482 1229 OLExlvs.
1572 1166 1693 1224 Est
1737 1176 1825 1224 ta·

326 1291 485 1336 men
533 1272 600 1330 in
642 1288 870 1330 museo
916 1270 1137 1330 Princ.
1180 1265 1262 1326 de
1302 1264 1629 1327 Waldeck
1673 1283 1827 1327 con-

331 1372 685 1447 torniatus,
743 1370 811 1430 in
870 1368 1051 1451 cujus
1109 1369 1319 1432 antica
1377 1357 1823 1449 est‘protome

334 1476 569 1538 Iuliani
615 1475 861 1554 galeata
905 1493 955 1533 s.
1002 1472 1326 1552 clypeum.

412 1640 417 1644 ,
460 1580 789 1640 Iovianus.
856 1573 1065 1655 Hujus
1099 1591 1399 1644 numum,
1447 1582 1516 1631 ut
1548 1567 1705 1628 mihi
1737 1565 1830 1631 vi-

334 1673 566 1751 detur,
626 1676 1033 1759 ambiguum,
1094 1687 1203 1735 aut
1249 1669 1538 1753 s'purium
1593 1671 1832 1754 produ·

333 1801 477 1844 cem
539 1778 711 1841 infra
774 1780 841 1837 in
886 1774 1551 1840 animadversionibus
1597 1774 1829 1839 adde·

332 1881 710 1946 cursionum
753 1900 1007 1941 numos.

300 1988 317 1999 ‘
462 1987 808 2046 Honorius.
866 1981 1066 2042 Binos
1101 1979 1284 2041 dedit
1319 1982 1825 2060 Havercampus,

335 2084 669 2166 aliumque
716 2102 1010 2145 museum
1057 2082 1409 2164 Theopoli.

472 2190 859 2249 Theodosius
876 2188 966 2248 11.
1011 2183 1170 2264 Ejus
1193 2181 1669 2246 conturniatum
1695 2180 1832 2246 vul·

336 2288 516 2370 gavit
567 2284 878 2348 Taninius
925 2284 993 2345 in
1052 2304 1170 2347 suo
1222 2285 1695 2370 supplemento
1753 2283 1832 2347 ad

332 2387 761 2455 Bandurium.

467 2494 604 2554 Pla.
630 2502 633 2507 '
656 2491 1171 2552 Valentinianus.
1263 2483 1572 2579 Quinque
1622 2485 1833 2552 varios

336 2592 597 2675 reperit
634 2592 1153 2669 Havercampus.

337 2707 392 2774 „'
470 2696 866 2757 Anthemius.
912 2688 1075 2771 Ejus
1117 2688 1296 2751 numi
1342 2688 1700 2774 epigraphe
1744 2688 1837 2755 vi·

3301 499 3442 566 283

1930 656 2081 719 tiata
2125 692 2147 705 ·
2189 687 2215 704 ·
2256 690 2281 704 ·
2327 653 2550 731 ILOS.
2624 657 3181 725 HERACLEOS.
3274 671 3435 730 Her-

1931 755 2104 821 cules
2146 763 2208 820 d.
2253 762 2539 829 clavam,
2581 780 2655 823 -s.
2721 766 2926 825 leonis
2967 770 3241 829 exuvs‘as
3275 790 3436 848 pue-

1932 863 2142 922 rulum
2197 865 2438 923 nudum
2481 863 2613 922 siba·
2654 863 3085 935 blandientem
3139 868 3456 947 sustinet,

1935 965 2006 1024 s‘n
2091 968 2260 1025 imo.-
2347 961 2732 1022 ANDREA,
2844 964 3112 1045 (Tanini
3143 976 3156 983 ’
3198 969 3437 1051 Suppl.

1934 1064 2218 1125 Bandur.
2271 1060 2547 1146 11:373.)
2606 1061 2887 1130 Videtur
2924 1067 3246 1150 puerulus
3294 1091 3440 1135 esse

1939 1164 2296 1248 Teleph'us.
2337 1216 2346 1221 -

2507 1308 2548 1348 a
2671 1265 2874 1351 *s*

2063 1366 2168 1428 Ex
2204 1364 2346 1442 hoc·
2364 1367 2662 1448 catalogo
2698 1368 3170 1460 perspicimus,
3215 1374 3436 1458 A‘ugu-

1944 1481 2194 1531 storum
2272 1468 2415 1530 aliis
2490 1463 2743 1544 n'ullos,
2825 1472 2968 1534 aliis
3049 1493 3441 1557 perpaucos,

1944 1571 2196 1631 Neroni
2249 1590 2323 1632 ac
2382 1570 2662 1651 Trajano
2723 1591 2960 1652 magno
3021 1595 3299 1639 numero
3347 1580 3444 1641 su·

1946 1673 2076 1734 isse
2140 1670 2500 1733 dedicatos.
2547 1674 2725 1735 ·Cur
2768 1671 3137 1739 in‘tluobus
3180 1676 3281 1739 his
3330 1682 3444 1741 ob-

1946 1771 2282 1835 servandis
2332 1786 2456 1833 tam
2499 1770 2751 1834 fuerint
2793 1774 3007 1837 seduli
3050 1777 3126 1852 ii,
3173 1764 3283 1864 qui
3321 1782 3441 1844 hos

1943 1894 2177 1935 numos
2221 1873 2563 1937 feriendos
2608 1895 2961 1954 curavere,
3029 1879 3441 1960 probabilem

1944 1975 2222 2060 aliquam
2274 1996 2531 2039 causam
2586 1980 2800 2060 capite
2853 1978 2936 2042 V.
2996 1979 3436 2061 proferemus.

1945 2079 2030 2139 At
2087 2078 2155 2137 in
2218 2076 2360 2140 aliis
2420 2077 2558 2139 sive
2617 2078 3070 2161 negligendis,
3116 2082 3252 2145 sive
3298 2105 3445 2166 par-

1948 2178 2087 2241 cius
2136 2179 2506 2242 inserendis
2544 2183 2758 2243 solum
2800 2200 2916 2244 eos
2958 2181 3296 2245 arbitrium
3342 2205 3444 2248 se·

1950 2288 2134 2345 cut‘os
2180 2282 2373 2364 plane
2420 2282 2755 2356 existimo,
2819 2297 3012 2365 atque
3058 2284 3274 2347 eidem
3320 2306 3441 2349 nos

1949 2404 2181 2449 causae
2217 2383 2496 2461 debere,
2541 2404 2660 2475 cur
2693 2386 2771 2446 iis
2805 2405 3143 2449 arcessere
3180 2389 3441 2473 placue-

1947 2486 2032 2546 rit
2075 2489 2477 2560 Homerum,
2525 2484 2904 2563 Horatium,
2952 2500 3079 2549 etc.
3124 2490 3447 2570 neglectis

1946 2586 2087 2649 aliis
2144 2586 2275 2647 hon
2334 2586 2608 2651 minoris
2664 2588 2875 2654 famae
2920 2587 3211 2653 Graecos
3265 2592 3440 2655 inter

1946 2703 2140 2773 atque
2186 2688 2542 2755 Romanos.

1560 2909 2012 2988 capr?
2085 2919 2214 2990 m.

1251 3105 1347 3169 De
1387 3094 1559 3186 'typis
1601 3110 2141 3170 contomiatorum
2185 3112 2256 3171 in
2299 3111 2523 3188 specie.

470 3309 955 3387 Havercampus
992 3302 1356 3384 catalogum
1397 3302 1836 3365 centor-nisto-

337 3416 491 3476 rum
520 3427 521 3430 ’
546 3405 902 3472 secundum
942 3403 1163 3489 'capita
1216 3405 1680 3488 imperatorum
1705 3449 1722 3479 ,
1769 3420 1835 3467 et

344 3513 638 3575 virorum
673 3507 1024 3570 illustrium
1061 3505 1366 3587 digessit,
1414 3524 1544 3588 quo
1575 3506 1836 3583 factum,

344 3626 422 3676 ut
479 3611 740 3674 easdem
795 3629 1087 3682 aversas,
1150 3607 1446 3691 quoniam
1509 3606 1628 3668 hae
1689 3629 1835 3669 cum

345 3715 645 3800 pluribus
705 3708 1173 3794 imperantibus
1236 3723 1384 3768 sunt
1442 3707 1842 3782 communes,

345 3817 605 3898 saepius
652 3834 813 3898 opus
858 3824 1031 3875 esset
1074 3823 1403 3893 repetere.
1491 3811 1672 3891 Ego,
1728 3811 1837 3894 qui

346 3920 416 3980 in
453 3917 554 3979 his
601 3914 815 3977 numis
845 3926 1065 3995 partes
1114 3933 1373 3975 aversas
1419 3932 1575 3994 prae
1618 3912 1837 3993 capiti·

338 4019 470 4082 bus
530 4005 997 4104 imperatorum
1053 4013 1180 4095 jam
1243 4014 1504 4077 aliunde
1557 4011 1837 4095 cognitis

348 4122 556 4205 magis
601 4115 981 4202 spectandas
1035 4128 1230 4198 puto,
1295 4116 1539 4177 rectius
1593 4135 1697 4176 me
1749 4113 1839 4177 fa-

349 4236 607 4287 cturum
651 4218 991 4292 existimo,
1046 4217 1103 4277 si
1144 4216 1214 4276 in
1255 4214 1335 4277 iis
1379 4213 1837 4280 enumerandis
1960 4243 1965 4244 ff

348 4319 880 4407 explicandisque
923 4319 1314 4401 plerumque
1350 4336 1627 4381 aversas·
1651 4336 1840 4401 prae-

346 4423 580 4488 feram.
669 4419 992 4513 Quoniam
1054 4435 1214 4484 vero
1271 4417 1395 4483 hae
1456 4418 1838 4508 multiplicis

346 4538 533 4601 sunt,
596 4523 940 4605 variaeque
999 4533 1298 4596 naturae,
1360 4540 1632 4584 necesse
1677 4533 1836 4603 puto

342 4630 415 4691 in
449 4615 668 4693 rarios
699 4641 806 4687 eas
843 4621 1153 4686 articulos
1187 4621 1512 4697 tribuere,
1557 4642 1836 4706 quorum

345 4734 401 4792 1.
449 4726 932 4811 complectetur
978 4724 1450 4810 mythologica,
1512 4725 1591 4786 11.
1636 4723 1835 4788 histo-

1078 4898 1113 4927 ἱ

1949 3303 2120 3377 rica,
2166 3304 2277 3363 111.
2318 3321 2630 3385 personas
2672 3301 3004 3380 illustres,
3047 3322 3123 3368 ac
3160 3295 3442 3390 primum

1952 3403 2214 3487 quidem
2278 3405 2551 3477 heroes..
2633 3406 2978 3483 heroides,
3038 3427 3271 3488 reges,
3335 3407 3448 3471 de·

1950 3504 2104 3567 inde
2146 3506 2320 3570 viros
2358 3507 2727 3569 eruditione
2751 3507 2999 3570 claros.
3089 3509 3204 3575 IV.
3247 3510 3446 3593 Spec·

1952 3609 2193 3682 iacula,
2255 3625 2419 3689 quae
2483 3606 2829 3672 dividimus
2893 3631 2918 3669 1
2983 3605 3049 3667 in
3113 3607 3447 3690 decursio·

1960 3732 2108 3788 nes,
2172 3729 2208 3772 2
2270 3711 2335 3769 in
2398 3710 2812 3787 venationes,
2874 3710 2913 3774 3
2972 3708 3040 3771 in
3095 3711 3444 3793 pugilatus,

1953 3799 2100 3887 trin
2149 3810 2432 3874 scenica·
2519 3813 2598 3877 V.
2660 3814 3117 3876 Contorniatos
3162 3834 3309 3876 cum
3354 3827 3449 3897 ty-

1951 3913 2052 3996 pis
2090 3909 2465 3975 domesticis
2501 3914 2802 3997 cognitis.
2889 3917 3005 3984 VI.
3049 3916 3297 3981 Numos
3333 3934 3444 3978 ex·

1952 4014 2231 4097 plicatus
2274 4015 2618 4099 ambigui(
3349 4001 3362 4013 ⁹

2353 4231 2418 4321 §.
2462 4238 2511 4299 1.
2586 4239 3039 4319 Mytholoyz'ca.

2243 4420 2466 4500 cybele
2515 4431 2587 4483 'et
2639 4426 2806 4502 Atys
2860 4424 2933 4484 tn
2987 4422 3136 4483 citis
3191 4424 3442 4486 leonum

2237 4523 2594 4603 quadn'ys's.
3058 4551 3064 4558 ·

1954 4624 2160 4698 Caput
2198 4623 2481 4683 Homeri.
2526 4619 2848 4702 (Gessner
2866 4621 3067 4708 impp.
3094 4622 3221 4690 tab.
3241 4625 3441 4693 XLV.

1949 4740 2124 4784 num.
2170 4722 2310 4805 30.)
2384 4727 2700 4806 Anqusts',
2778 4725 3011 4804 (Catal.
3058 4726 3466 4809 d'Ennery.)

2825 4826 2887 4889 N
2919 4849 2962 4890 n
3010 4848 3045 4890 2
