4388 5576
1014 551 1177 627 AD.
1241 546 1829 627 voLvMEm
1894 551 2576 629 SECVNDVM.
3161 548 3166 551 ’
3252 579 3343 642 22
3439 538 3452 543 ’

512 723 589 783 Ρ.
618 721 761 784 226.
791 721 921 784 col.
966 741 1020 782 ι.
1039 732 1197 805 post
1226 722 1346 784 lin.
1382 739 1483 786 ι2.

377 832 1263 907 ΑΙΓΕΙΝΗΤΩΝ..ΟΑΛ.
1294 841 1497 903 Duae
1516 841 1747 902 mulle-

248 960 355 1001 res
395 953 685 1014 stantes,
746 940 1011 1019 Severi,
1056 963 1252 1026 quem
1294 961 1560 1003 numum
1606 940 1743 1003 edi-

248 1037 345 1101 dit
387 1030 923 1104 abbas-*Sestinus
944 1086 963 1120 ,
1010 1043 1122 1127 qui
1166 1043 1527 1118 existimat,
1567 1040 1745 1104 addi-

250 1154 384 1203 tum
454 1135 668 1203 CAA.
748 1143 1041 1207 indicare
1116 1144 1407 1205 insulam.
1461 1143 1742 1209 vicinam

249 1242 673 1318 Salaminem,
749 1256 817 1305 et
879 1263 1023 1306 esse
1094 1244 1506 1315 concordiam
1566 1245 1741 1306 inter

249 1355 590 1426 utramque
651 1342 964 1420 insulam,
1042 1344 1210 1409 banc
1272 1346 1479 1430 ipsam
1544 1345 1739 1409 etiam

246 1442 580 1508 indicante
610 1458 889 1528 utroque
922 1445 1120 1527 genio
1156 1465 1380 1509 earum
1406 1446 1735 1514 muliebri.

246 1546 551 1628 (Lettere
578 1547 662 1614 V.
693 1567 760 1629 p.
787 1547 1069 1628 XLIX.)

535 1717 611 1778 P.
641 1714 787 1778 228.
825 1714 952 1779 col.
979 1732 1038 1780 2.
1058 1727 1217 1798 post
1245 1714 1366 1779 lin.
1390 1715 1454 1778 5.

256 1900 269 1915 χ
368 1835 777 1896 Autonomos
821 1831 1012 1895 binos
1058 1832 1221 1895 alios
1280 1831 1571 1917 vulgavit
1624 1834 1741 1917 Se?

245 1934 472 2013 atinus,
513 1949 582 1998 et
608 1934 736 1998 huc
773 1933 1107 1999 vocandos
1133 1934 1389 2014 docuit:
1426 1937 1737 2017 (Lettere

245 2038 323 2099 T.
360 2037 445 2102 V.
482 2037 898 2120 p.XLv111.)

377 2139 597 2221 Caput
634 2139 974 2201 muliebre.
1019 2134 1089 2203 ἒ.
1116 2130 1412 2197 ΣΑΛΑ.
1451 2137 1737 2220 Οζγρσιισ

234 2239 560 2322 pharetra
600 2241 988 2320 insignitus.
1025 2238 1164 2303 AE.
1197 2239 1307 2301 111.

369 2337 667 2401 Similem
722 2339 895 2401 olim*
935 2336 1222 2423 vulgavit
1277 2337 1362 2402 cl.
1409 2339 1733 2402 Neuman-

238 2460 399 2516 nus,
463 2441 688 2523 (Num.
721 2460 874 2525 pop.
909 2462 976 2524 p.
1014 2442 1193 2522 2ι5.)
1246 2460 1530 2522 eumque
1576 2460 1732 2503 con-

238 2555 339 2602 tra
373 2541 809 2605 Pellerinium
849 2541 1077 2604 tribuit
1108 2542 1474 2623 Larymnae
1508 2542 1732 2611 Boeo·

179 2657 188 2665 ·
237 2642 368 2705 tiae
429 2664 621 2706 causa
678 2642 910 2705 inserti
971 2640 1187 2722 clypei
1225 2643 1582 2723 ,Boeotich
1662 2657 1733 2706 ut

234 2745 306 2806 in
363 2743 489 2809 hac
542 2743 858 2823 diximus,
933 2742 1240 2806 nimirum
1297 2742 1510 2807 literis
1567 2742 1730 2811 AA.

232 2849 646 2928 Larymnam,
685 2841 842 2907 ΣΑ.
874 2845 1263 2929 Salyaneum
1301 2845 1600 2930 ejusdem
1632 2867 1737 2909 re-

236 2948 453 3032 gionis
513 2948 827 3032 oppidum
882 2946 1336 3013 indicantibus.
1422 2947 1511 3010 At
1573 2949 1735 3015 vidit

238 3049 538 3111 Sestinus
594 3069 898 3124 numum,
963 3049 1030 3107 in
1086 3068 1219 3131 qno
1261 3045 1425 3113 EA.
1463 3061 1539 3111 et·
1570 3047 1731 3116 AA.

232 3167 375 3211 non
413 3145 706 3225 divisim,
760 3146 879 3210 sed
920 3147 1227 3209 continue
1267 3160 1418 3210 sunt
1450 3150 1733 3228 perscri-

233 3264 382 3334 pta,
435 3247 690 3311 seilicet
731 3242 1069 3323 EAAA„
1118 3266 1250 3332 quo
1298 3246 1369 3309 is·
1392 3262 1733 3330 permotus

234 3369 474 3414 numos
520 3348 765 3412 similes
813 3346 1120 3410 Salamini
1159 3347 1410 3410 insulae
1440 3349 1596 3432 jure
1635 3369 1735 3412 es·

235 3474 313 3517 ee
358 3449 737 3515 tribuendos
781 3448 1047 3515 adserit.
1122 3449 1239 3512 sin
1282 3448 1485 3525 istud,
1540 3450 1730 3515 fuere

236 3553 464 3630 nrbes,
497 3571 768 3638 quarum
800 3549 1016 3632 clypei
1050 3550 1131 3612 ad
1159 3549 1438 3614 formam
1470 3552 1735 3617 Boeoti·

238 3676 473 3720 corum
505 3651 778 3738 propius
807 3669 1174 3717 accessere.

524 3842 604 3904 P.
640 3854 784 3918 229.
812 3836 938 3902 col.
966 3854 1025 3902 2.
1050 3848 1205 3918 post
1237 3837 1354 3900 lin.
1387 3847 1448 3913 4.

367 3960 588 4044 Usque
648 3957 847 4020 modo
914 3957 1272 4020 communis
1314 3958 1438 4019 fuit
1479 3970 1737 4022 senten-

226 4063 359 4140 tia,
401 4081 635 4124 numos
672 4062 793 4123 hos
837 4073 1115 4144 propter
1158 4072 1547 4122 memoratas
1586 4062 1731 4124 cau-

227 4186 344 4229 sas
405 4183 550 4227 esse
616 4175 942 4226 monetam
1000 4160 1567 4244 Peloponnesiam.
1643 4161 1733 4224 At

224 4263 658 4332 verisimilius
714 4283 929 4346 nuper
984 4262 1193 4325 visum
1258 4265 1342 4328 cl.
1386 4263 1730 4328 Pinkerto-

221 4386 362 4441 no,
435 4385 550 4427 eos
610 4383 839 4427 omnes
897 4362 1189 4449 Aeginae
1247 4364 1499 4429 insulae
1542 4364 1732 4429 resti-

221 4465 555 4543 tuendos,
600 4466 836 4546 (Essay
869 4483 954 4526 on
985 4467 1231 4530 medals
1268 4469 1424 4536 Vol.
1455 4470 1601 4550 1..1›.
1621 4468 1723 4530 bo.

221 4571 411 4655 neq.)
444 4587 609 4652 quae
641 4566 902 4651 quidem
938 4566 1067 4648 jam
1099 4568 1224 4630 fuit
1268 4568 1488 4653 opinio
1515 4571 1727 4630 Mont-

216 4669 545 4738 fauconii.
568 4668 938 4752 (Palaeogr.
976 4689 1043 4752 p.
1066 4670 1238 4750 ¹43·)
1274 4671 1364 4732 Ut
1395 4690 1737 4754 argumen-

216 4775 322 4840 tis
346 4772 460 4849 iis,
509 4788 673 4857 quae
723 4769 1021 4848 adducit,
1076 4789 1330 4835 causam
1378 4791 1557 4837 suam
1601 4792 1735 4836 non

1855 722 2116 806 penitus
2151 722 2375 800 evicit,
2437 735 2650 785 tamen
2683 721 2918 803 justum
2961 724 3222 789 dubium
3262 730 3344 791 vi·

1858 823 2052 888 detur
2096 824 2408 887 obtulisse
2453 823 2862 906 antiquariis,
2924 830 3055 890 utri
3095 830 3348 914 AegiO,

1857 948 1938 1003 an
1998 925 2293 1009 Aeginae
2351 937 2481 987 tam
2556 927 2930 1007 praeclarae
3002 927 3129 993 sint
3188 950 3350 1012 opes

1852 1026 2353 1115 permittendae.
2398 1025 2580 1090 Idem
2624 1041 2839 1090 tamen
2883 1028 3077 1092 etiam
3116 1052 3346 1114 parum

1856 1126 1981 1190 sibi
2061 1126 2421 1204 consuluit,
2503 1127 2656 1190 dum
2733 1130 3014 1192 eundem
3090 1145 3349 1196 secutus

1856 1226 2414 1290 Montfauconium
2460 1228 2528 1288 in
2592 1229 2879 1315 quinque
2923 1231 3125 1314 partis
3168 1254 3353 1298 aver-

1856 1349 1964 1392 sae
2019 1328 2341 1392 linearum
2403 1328 2702 1392 ductibus
2763 1331 3084 1395 contineri
3127 1333 3350 1400 literas

1855 1450 2086 1493 omnes
2132 1425 2696 1491 AIFI-NHTQN
2735 1429 3000 1496 adserit.
3046 1435 3351 1501 Praeter-

1851 1552 2044 1615 quam
2119 1530 2293 1594 enim
2353 1529 2529 1614 quod
2584 1531 2831 1592 nemini
2886 1534 3060 1596 istud
3119 1537 3342 1599 sobrio

1851 1630 2285 1715 persuaserit,
2345 1631 2525 1708 numi
2567 1632 2636 1692 hi
2679 1653 3083 1720 nequaquam
3127 1649 3344 1701 tantae

1852 1746 2046 1796 erunt
2090 1731 2516 1815 antiquitatis»,
2583 1747 2894 1815 quantam
2923 1735 3005 1798 iis
3047 1737 3192 1819 jure
3238 1740 3351 1800 tri-

1852 1833 1996 1896 buit
2057 1834 2160 1898 vir
2205 1834 2527 1910 erudituS,
2590 1818 2645 1895 si
2685 1834 2813 1918 jam
2857 1836 2924 1898 in
2967 1836 3050 1911 iis
3093 1858 3353 1924 compa-

1852 1948 2004 1999 rent
2030 1934 2265 1999 literae
2298 1933 2596 2001 noviciae
2623 1931 2691 1996 H
2726 1948 2793 1998 et
2825 1933 2940 2029 Ω..

1832 2119 2096 2213 .Ρ..233.
2130 2119 2258 2185 col.
2308 2141 2361 2185 ι.
2399 2134 2555 2184 ante
2596 2119 2992 2187 CORONE.
3034 2121 3348 2190 CORIN-

2475 2221 2752 2285 THVS..
2823 2272 2834 2281 .

1973 2336 2352 2401 xAAAE-
2369 2373 2396 2386 -
2413 2339 2714 2421 Iuppiter
2740 2353 2933 2403 stans
2961 2353 3089 2406 etc.
3125 2338 3174 2400 ἶί
3195 2342 3349 2404 ΚΟ-

1847 2435 2295 2504 ΡΙΝΘΙΩΝ.
2332 2436 2747 2506 ΑΧΑΙΩΝ.
2799 2442 3065 2503 Mulier
3112 2445 3346 2506 sedens

1847 2552 1972 2606 etc.
2022 2540 2165 2604 AE.
2186 2541 2295 2603 111.
2336 2540 2608 2622 (Sestini
2642 2542 2915 2605 Lettere
2951 2544 3032 2607 T.
3048 2544 3131 2611 V.
3165 2564 3231 2626 p.
3264 2544 3343 2605 L.

1850 2663 1934 2706 ex
1973 2662 2205 2705 museo
2233 2641 2684 2724 Ainslieano.).

1976 2744 2323 2834 Existimat
2398 2743 2725 2822 Sestinus,
2803 2743 3132 2808 laudatum
3194 2764 3347 2808 mox

1848 2867 2117 2909 numum
2157 2846 2587 2930 Haymianum
2639 2842 3200 2910 KAPINOIQN
3247 2868 3346 2908 es-

1849 2969 1919 3012 se
1984 2948 2267 3012 eundem
2328 2968 2476 3012 cum
2535 2961 2913 3032 praesente,
2975 2961 3044 3010 et
3096 2947 3166 3008 in
3224 2947 3344 3010 illo

1849 3068 2109 3131 quoque
2145 3049 2503 3132 legendum
2533 3044 3100 3112 ΚΟΡΙΝΘΙΩΝ.

1975 3147 2048 3208 Si
2090 3168 2321 3210 verum
2365 3161 2496 3224 est,
2538 3170 2771 3211 numos
2816 3150 2937 3209 hos
2981 3148 3201 3231 eloqui
3239 3171 3343 3210 ur-

1847 3246 2000 3308 bem
2029 3246 2433 3324 Corinthum,
2470 3247 2639 3310 fallit
2671 3247 2815 3310 sine
2851 3245 3050 3309 dubio
3089 3250 3340 3331 regula,

1851 3367 2043 3432 quam
2109 3368 2264 3412 mox
2320 3349 2596 3412 articulo
2653 3346 3093 3430 praecedente
3153 3347 3346 3422 dedi,

1849 3449 2155 3511 nimirum
2184 3449 2404 3536 *urbes
2449 3448 2518 3509 in
2561 3447 2703 3532 ipsa
2747 3447 2991 3510 Achaia
3029 3447 3179 3510 sitas
3211 3469 3342 3510 non

1850 3571 1999 3614 sese
2065 3550 2134 3611 in
2177 3549 2537 3613 hisnumis
2584 3551 2905 3613 Achaeos
2947 3549 3148 3613 fuisse
3195 3571 3346 3633 pro-

1847 3653 2079 3716 fessos.
2164 3653 2255 3714 At
2294 3672 2489 3715 nosse
2538 3664 2835 3734 oportet,
2895 3651 3343 3736 superioribus

1845 3752 2253 3836 temporibus
2325 3774 2528 3837 usque
2590 3751 2672 3815 ad
2730 3752 3128 3816 dominatum
3193 3752 3343 3813 Phi·

1846 3855 2012 3939 lippi
2046 3857 2124 3921 11.
2168 3867 2238 3917 et
2279 3854 2637 3917 Alexandri
2675 3855 2766 3917 Μ.
2810 3874 2944 3916 non
3002 3855 3342 3918 recenseri

1852 3957 2243 4020 Corinthum
2299 3956 2475 4021 inter
2532 3957 2705 4022 XIII.
2758 3956 2959 4019 urbes
3018 3955 3346 4031 Achaiae,

1847 4079 2004 4143 quas
2033 4059 2346 4142 Polybius
2378 4059 2708 4123 communi
2749 4058 3021 4123 saedere
3057 4078 3203 4121 usas
3240 4077 3345 4121 re-

1845 4160 1996 4227 fert.
2061 4161 2263 4244 (Hist.
2296 4162 2374 4225 L.
2414 4161 2497 4225 11.
2537 4180 2595 4228 c.
2630 4160 2770 4242 41.)
2830 4156 3138 4222 Pluribus
3185 4172 3343 4241 post

1847 4262 2049 4324 annis-
2119 4282 2263 4325 eam
2332 4260 2574 4324 Aratus
2654 4260 2997 4343 Sicyonius
3069 4273 3344 4342 praetor

1847 4363 2063 4446 ejecto
2141 4361 2576 4426 Macedonum
2654 4361 2983 4446 praesidio
3049 4359 3339 4423 libertati

1842 4485 1996 4529 suae
2038 4464 2354 4542 restituit,
2410 4478 2478 4528 et
2519 4463 2603 4527 ad
2660 4484 2870 4548 remp.
2913 4467 3334 4531 Achaeorum

1840 4565 2149 4649 adjunxit.
2231 4566 2501 4630 Factum
2543 4565 2720 4630 forte
2762 4580 2935 4646 tum,
2997 4582 3065 4632 ut
3110 4570 3342 4632 Corin·

1847 4667 1971 4731 thii
2012 4689 2048 4731 a
2090 4668 2514 4733 Macedoniae
2574 4690 2811 4754 regum
2864 4669 3023 4756 jugo
3073 4665 3342 4744 'liberati

1856 4790 2003 4836 sese
2063 4769 2262 4834 modo
2316 4772 2527 4857 palam
2565 4771 2868 4837 Achaeos
2910 4776 3339 4859 appellarent,

2791 4876 2854 4936 D
2901 4895 2936 4937 2
