4388 5576
1087 572 1237 697 AD
1303 621 1888 700 voLvMEN
1956 625 2456 701 ΡιιιΜνΜ.
3280 651 3323 728 9

352 795 489 859 Sed
531 784 1243 876 misso-hoc'anonymi
1280 793 1412 857 mei
1452 793 1715 859 fastidio

227 893 390 959 istud
426 898 741 983 deinceps
775 918 981 983 agam,
1014 909 1086 959 ut
1119 895 1463 980 inquiram,
1492 909 1713 960 utrum

228 998 500 1065 existant
556 1000 738 1065 numi
792 1012 1090 1077 veteres,
1160 1018 1322 1083 quos
1377 990 1733 1063 Britannia

222 1102 361 1184 jure
408 1096 627 1185 possit?
666 1123 817 1165 suos
867 1116 1136 1186 putare,
1185 1114 1253 1163 et
1299 1100 1355 1162 si
1407 1100 1519 1184 qui
1564 1115 1713 1164 sunt

220 1206 377 1268 tales
435 1202 706 1280 crediti,
766 1217 987 1266 utrum
1033 1203 1160 1265 sint
1204 1202 1578 1278 eaindole,
1641 1215 1714 1267 ut

222 1308 411 1370 ctiam
448 1327 683 1370 eorum
720 1305 831 1389 qui
863 1306 1050 1367 nullo
1086 1304 1400 1368 adfeetu
1380 1327 1448 1366 ιιι
1480 1326 1713 1372 verum

219 1409 581 1495 inquirunt,
617 1406 869 1492 possint
901 1404 1099 1469 fidem
1126 1409 1521 1490 promereri.
1569 1408 1714 1503 Qua

220 1513 283 1573 in
319 1531 508 1574 causa
545 1507 636 1572 sic
669 1489 1017 1586 versabor,
1055 1523 1127 1572 ut
1161 1510 1367 1595 magis
1399 1510 1715 1595 judicium

223 1615 623 1698 Anglorum,
675 1633 867 1698 quam
921 1632 1142 1676 meum
1190 1611 1396 1695 ipsius
1448 1627 1737 1680 secutus.

223 1738 362 1780 esse
388 1714 651 1781 .videar.

380 2019 1210 2088 CVNOBELINVS
1300 1990 1549 2087 R'Ex.

338 2225 501 2309 EJ'us
559 2224 741 2311 regis
793 2225 1149 2311 scriptores
1204 2225 1427 2311 plures
1473 2221 1708 2289 *memi-

214 2346 394 2390 nere.
439 2328 674 2391 Narrat
716 2328 1065 2391 Suetonius
1103 2328 1201 2411 (in
1232 2329 1440 2412 Calig.
1478 2349 1533 2392 c.
1565 2335 1705 2409 44).

214 2428 552 2514 Caligulae
612 2428 1033 2513 expeditione
1077 2428 1468 2494 Gcrmanica
1517 2450 1711 2495 occu·

210 2546 360 2615 pato
436 2530 803 2594 occurrisse
866 2531 1245 2596 Adminium
1310 2532 1712 2596 Cinobellini

212 2633 679 2696 Britannorum
701 2633 881 2717 regis
902 2633 1109 2697 filium
1128 2656 1277 2698 cum
1300 2634 1538 2718 exigua
1565 2656 1712 2699 suo·

208 2758 355 2800 rum
376 2757 589 2815 manu,
621 2757 815 2821 quem
848 2736 1109 2821 pulsum
1142 2759 1178 2800 a
1205 2750 1391 2822 patre
1417 2738 1485 2799 in
1505 2736 1712 2801 'fidem

207 2840 466 2924 recepit
490 2839 816 2906 universa·
829 2840 1063 2903 tradita
1090 2839 1323 2905 insula.
1371 2840 1553 2904 Idem
1582 2840 1727 2904 fac·

208 2955 348 3003 tum
378 2955 599 3004 narrat
636 2936 938 3011 Orosius.
984 2943 1186 3025 (nist.
1212 2943 1298 3008 L.
1336 2943 1479 3010 Vll.
1520 2963 1578 3008 c.
1612 2944 1711 3027 5.)

208 3042 714 3124 Cynobellinum
776 3058 1096 3107 memorat
1147 3044 1342 3107 etiam
1393 3045 1525 3107 Dio
1586 3063 1714 3106 una

209 3164 363 3208 cum
421 3142 572 3205 filiis
633 3145 1044 3221 Catarataco,
1110 3157 1178 3207 et
1238 3144 1710 3228 Togodumno,

209 3245 485 3329 ejusque
535 3244 785 3329 regiam
840 3243 1389 3321 Camulodunum,
1437 3245 1713 3306 subinde

209 3346 575 3423 coloniam,
637 3346 727 3410 de
778 3367 903 3432 qua
956 3368 1111 3411 mox
1166 3344 1360 3412 infra.
1425 3347 1535 3429 (L.
1570 3346 1715 3412 LX'.

207 3445 430 3535 §.20
476 3448 633 3529 21..)

813 3616 1121 3682 Numi.-

340 3755 606 3826 cho.
659 3755 901 3837 Capita
936 3736 1065 3818 lino
1088 3756 1423 3839 *imberbia'
1455 3760 1530 3822 in
1560 3758 1717 3821 Iani

203 3880 483 3926 morem.
515 3856 564 3919 ae
593 3857 861 3926 CAMV.
892 3858 1117 3936 Ursus,
1133 3878 1306 3942 pone
1330 3861 1549 3922 arbor.
1572 3859 1712 3924 ΔΕ.

204 3956 538 4046 (Camden
568 3960 958 4043 Britannia.)

340 4055 842 4131 CVNOBILIN.
909 4064 1128 4146 Caput
1162 4060 1356 4126 virile
1404 4061 1709 4128 imber-Kc.

203 4161 256 4226 1
299 4166 642 4231 TASCIO.
688 4167 950 4229 Mulier
990 4166 1224 4228 sedens
1253 4165 1371 4229 d..
1405 4209 1425 4231 .
1452 4206 1472 4227 .
1502 4210 1522 4230 .
1575 4164 1718 4230 ΑΕ.

203 4266 448 4349 (thid.)

344 4366 610 4436 CVNO.
679 4367 912 4446 Equus
967 4389 1261 4434 currens.
1333 4365 1411 4430 1:
1443 4368 1715 4441 CAMV.

208 4468 894 4554 Spica.AV.(1bid.)

348 4570 916 4639 CVNOBILINE.
986 4573 1202 4656 Caput
1246 4574 1542 4652 juvenile
1596 4594 1713 4637 nu-

202 4671 496 4739 dum.1
534 4674 763 4753 Equus
800 4672 1090 4752 saliens,
1143 4695 1347 4759 supra
1390 4689 1583 4757 quem
1616 4677 1717 4738 lu·

202 4777 402 4842 nula.
441 4772 846 4856 AR.(1bid.)

347 4876 969 4947 TASCNOVANE.
1006 4880 1313 4943 Protome
1344 4882 1569 4946 virilis
1599 4903 1717 4954 nu·

1830 801 1938 862 da.
1985 793 2033 857 Ξ
2070 797 2453 867 CVNOBE.
2491 796 2744 881 Apollo
2774 800 3005 864 sedens
3035 804 3187 886 lyra
3221 822 3328 864 ca

1831 880 2413 984 nit.AR.(1hid.)

1956 1001 2221 1071 CVNO.
2271 1004 2678 1081 Inscriptum
2720 1004 3064 1082 tabellae,
3098 1008 3324 1071 omnia

1827 1110 2012 1169 intra
2048 1106 2223 1171 laur.
2272 1102 2321 1166 Ξ
2366 1104 2677 1170 ΤΑΘΟΤΙ.
2725 1109 3026 1190 Pegasus
3068 1108 3321 1171 volans.

1831 1208 1973 1273 AR.
2014 1208 2244 1290 (thid.)

1952 1298 2225 1377 CAMV.
2261 1309 2475 1391 Caput
2495 1309 2691 1373 virile
2708 1311 2990 1375 arrectis
3010 1311 3328 1377 crinibus.

1830 1407 1879 1470 ae
1918 1409 2185 1480 CVNO.
2242 1413 2547 1476 Victoria
2592 1412 2825 1476 sedens
2869 1414 2939 1477 d.
2980 1426 3320 1496 protenta.

1828 1513 1972 1577 AR.
2006 1510 2238 1592 (Ibid.)

1851 1605 1908 1667 ''-
1950 1613 2553 1684 GVNOBELINE.
2609 1615 2827 1696 Caput
2858 1616 3176 1685 muliebre
3210 1637 3333 1699 ga-

1827 1718 2099 1781 leatum.
2138 1713 2186 1774 Ξ
2219 1715 2869 1783 TASCIIOVANTI.
2903 1720 3124 1801 Aper,
3163 1740 3332 1802 prae

1827 1838 1954 1900 quo
1993 1830 2130 1880 tres
2156 1818 2446 1898 globuli.
2488 1819 2631 1883 AR.
2668 1816 2896 1901 (Ibid.)

1956 1918 2486 2001 TASCVANTI.
2513 1922 2727 2004 Caput
2748 1920 3090 1983 muliebre.
3121 1914 3169 1978 Ξ
3190 1919 3331 1987 CV·

1826 2019 2182 2086 NOBELI.
2220 2023 2476 2106 Apollo
2505 2027 2736 2087 sedens
2763 2023 2918 2107 lyra
2948 2022 3155 2086 canit.
3182 2021 3326 2085 AB.

1828 2123 2057 2206 (Ibid.)

1954 2225 2222 2294 CVNO.
2277 2228 2491 2307 Caput
2527 2225 2864 2288 muliebre.
2903 2221 2952 2284 ἲ.
2984 2225 3326 2289 TASCIO.

1830 2327 2092 2409 Sphinx
2127 2330 2377 2393 sedens.
2426 2327 2569 2391 AB.
2595 2325 2810 2409 '(lbid.
2848 2340 2916 2391 et
2943 2327 3327 2391 Pinkerton.

1824 2428 1955 2492 tab.
1989 2432 2085 2511 2.)

1954 2529 2518 2598 CVNOBELINI.
2587 2531 2804 2608 Caput
2851 2532 3139 2595 imberba
3186 2533 3330 2594 lau-

1829 2645 2109 2697 reatum.
2141 2629 2190 2692 ae
2221 2631 2690 2699 TASCIOVA.
2728 2631 3099 2696 Centaurus
3124 2654 3329 2696 cornu

1828 2736 2098 2823 inflans.
2137 2735 2280 2799 ΑΕ.
2321 2734 2743 2810 (Ρίιιὶιοιῑοιι,
2778 2731 2966 2811 ibid.)

1956 2839 2213 2901 Horum
2234 2835 2626 2899 Gunobclini
2649 2856 2995 2900 numerum
3018 2833 3330 2899 indicium

1828 2923 1991 3004 ‘mihi
2021 2941 2182 3004 fecit
2220 2960 2304 3003 ex
2331 2939 2646 3002 Camdeni
2672 2937 3005 3002 Britannia
3029 2939 3328 3030 Francis-

1829 3065 1944 3106 eus
1973 3044 2201 3121 Wise,
2237 3042 2355 3105 sed
2388 3057 2513 3107 tam
2544 3043 2793 3118 obiter,
2822 3054 2894 3103 ut
2923 3039 3043 3103 illo
3074 3038 3156 3103 ad
3183 3062 3335 3124 pro-

1827 3145 2114 3227 positum
2172 3164 2394 3204 meum
2450 3145 2542 3206 uti
2598 3165 2731 3205 non
2784 3163 3068 3225 possem.
3133 3143 3329 3212 (Mus.

1830 3243 2023 3306 Bodl.
2060 3265 2125 3327 p.
2155 3243 2302 3303 226.
2339 3243 2466 3304 col.
2508 3252 2595 3317 2.)
2651 3244 2739 3304 At
2783 3262 2930 3305 cum
2983 3242 3335 3305 indicatum
3433 3321 3438 3328 ο

1782 3359 1783 3362 ’
1831 3344 2000 3408 illud
2045 3365 2211 3428 opus
2250 3343 2317 3404 in
2355 3342 2778 3406 bibliothecis
2809 3342 3335 3412 vindobonensi-

1830 3449 1951 3511 b'us
1987 3469 2120 3511 non
2157 3445 2561 3530 reperirem,
2608 3443 2763 3509 dedi
2797 3466 3101 3530 operam,
3123 3458 3216 3507 ⁴ut
3251 3466 3334 3508 ex

1831 3552 1972 3636 ipsa
2005 3547 2342 3612 Britannia
2383 3560 2853 3612 arcesseretur.
2916 3547 3053 3610 Sed
3087 3547 3329 3610 factum

1832 3644 2364 3737 tergiversando,
2413 3662 2486 3713 ut
2536 3650 2796 3741 nonnisi
2833 3649 3100 3714 ineunte
3158 3665 3326 3712 anno
3441 3737 3444 3740 Ι

1831 3754 2131 3840 proxime
2174 3753 2398 3836 elapso
2444 3754 2604 3835 1795
2653 3751 2735 3815 ad
2776 3772 2883 3815 me
2928 3752 3328 3837 perveniret.

1834 3857 2078 3943 Operis
2124 3854 2476 3938 inscriptio
2514 3867 2644 3917 estz
2711 3856 3111 3933 Britannia,
3165 3876 3242 3916 or
3290 3877 3331 3917 a

1832 3960 2392 4043 chorographieal
2424 3960 2832 4041 description
2861 3959 2947 4041 of
2947 3972 3147 4040 great
3182 3958 3333 4021 Bri·

1835 4066 1983 4126 tain
2029 4063 2165 4124 and
2203 4061 2482 4124 Ireland
2525 4061 2613 4142 by
2664 4060 2967 4123 William
3014 4062 3329 4123 Camden.

1845 4161 1978 4229 lee
2006 4163 2249 4227 second
2260 4164 2537 4225 edition.
2560 4162 2834 4225 London
2860 4181 3041 4240 1722.
3064 4164 3214 4223 Vol.
3236 4161 3330 4225 II.

1832 4271 1907 4331 in
1940 4267 2084 4333 Fol.
2147 4263 2371 4327 Editio
2413 4263 2622 4347 prima
2649 4261 2881 4326 Latine
2918 4262 3164 4348 scripta,
3199 4261 3326 4344 jam

1832 4368 2079 4456 prodiit
2114 4387 2283 4431 anno
2325 4363 2509 4448 1607.
2565 4351 2977 4449 Atqu-e'huic
3018 4364 3333 4449 praeconi

1831 4492 2067 4536 numos
2119 4469 2336 4534 debeo
2385 4469 2533 4531 fere
2581 4489 2845 4545 omnes,
2899 4487 3062 4550 quos
3105 4487 3329 4531 eoram

1831 4575 1984 4641 stiti.

1958 4677 2161 4738 Teste
2200 4672 2462 4736 laudato
2495 4672 2732 4736 Wisio·
2761 4673 2943 4764 numi
2978 4670 3050 4734 hi
3102 4691 3329 4736 omnes

1831 4779 1912 4842 ab
1946 4776 2220 4842 eruditis
2241 4776 2570 4839 Britannis
2597 4775 2750 4839 huic
2776 4772 3187 4841 Cunobelino
3217 4776 3331 4840 tri·

1829 4881 2148 4960 buuntur,
2192 4893 2262 4944 et
2302 4879 2425 4943 fuit
2465 4901 2716 4964 nupera
2750 4879 3138 4946 Pinkertoni
3181 4902 3330 4945 sen-

2824 4985 2880 5043 B
