4388 5576
956 451 1109 526 DE
1178 443 1910 522 TRIBVNITIA
1979 444 2732 522 POTESTATE.

314 660 463 703 mur
505 634 1165 705 auctoritate-Dionis
1220 631 1515 695 docentis
1563 631 1798 694 eodem

314 746 503 820 loco,
530 737 854 824 ‘coeptum
900 737 1019 799 sub
1064 738 1318 798 Severo
1363 754 1655 810 morem,
1700 752 1806 793 re·

317 859 694 930 tentumque
741 841 861 905 sub
896 838 1265 914 Caracalla,
1312 849 1416 914 ut,
1462 835 1575 919 qui
1619 855 1806 897 orna·

318 964 536 1013 menta
593 937 1286 1022 consularia'adeptus
1345 936 1593 1013 fuerat,
1655 956 1805 998 cum

314 1051 595 1116 subinde
639 1047 855 1130 reipsa
900 1043 1129 1106 consul
1173 1040 1612 1125 procederet,
1657 1059 1810 1101 con·

314 1137 420 1216 'sul
460 1154 700 1215 iterum
745 1149 1127 1220 diceretur„
1167 1142 1285 1207 sed
1330 1143 1522 1228 etiam
1566 1140 1807 1205 invicto

316 1254 699 1332 testimonio
732 1267 1120 1322 numerum,
1168 1246 1279 1329 qui
1315 1265 1463 1307 eum
1504 1244 1812 1327 frequen·

317 1371 427 1421 teet
448 1356 664 1421 adbuc
690 1355 758 1414 in
787 1347 1117 1413 tribunatu
1146 1348 1444 1430 simplice
1475 1345 1811 1420 consulem

318 1458 676 1542 appellant.
741 1456 829 1515 At
873 1449 1233 1516 Macrinum
1281 1469 1451 1511 anno
1496 1461 1813 1530 sequente

320 1576 726 1642 <numerem
770 1555 1175 1642 processisse
1217 1553 1591 1627 consulem,
1631 1570 1818 1632 prae-

321 1677 429 1726 ter
471 1661 790 1736 Dionem,
837 1657 948 1743 qui
994 1656 1134 1737 ejus
1177 1652 1427 1737 pariter
1472 1655 1816 1736 conlegam

322 1763 691 1829 Adventum
732 1759 987 1845 prodit,
1035 1769 1352 1819 testantur
1392 1756 1592 1818 etism
1635 1755 1819 1817 numi

318 1867 614 1964 copiosi,
670 1864 742 1925 in
792 1862 1028 1948 quibus
1081 1856 1311 1924 consul
1360 1860 1440 1918 11.
1490 1856 1815 1941 proditur.

317 1966 523 2060 Quod
554 1968 616 2030 si
646 1967 722 2028 in
759 1964 1093 2046 plerisque
1130 1960 1314 2023 fastis
1354 1960 1661 2021 consules
1700 1958 1815 2020 hu·

322 2070 426 2153 jus
465 2068 618 2132 emti
658 2077 1105 2128 memorantur
1140 2061 1538 2135 Antoninus,
1588 2074 1653 2121 et
1688 2059 1818 2123 Ad-

323 2186 598 2247 ventus,
638 2168 817 2231 istud
849 2187 997 2228 eum
1019 2164 1498 2239 Tillemontio‚
1543 2161 1817 2261 aliisque

316 2268 521 2335 facile
561 2289 643 2331 ex
672 2269 898 2330 Dione
940 2265 1414 2351 explicabitur,
1459 2278 1817 2342 asserente,

327 2367 753 2458 Elagabalum
808 2391 997 2432 eraso
1040 2391 1123 2432 ex
1172 2368 1351 2431 fastis
1392 2366 1667 2429 Macrini
1708 2386 1821 2429 no·

327 2476 507 2538 utine
557 2493 745 2536 suum
787 2474 997 2558 ipsius
1038 2490 1281 2533 nomen
1337 2468 1416 2531 ad
1465 2468 1819 2532 notandum

312 2579 483 2640 anni
515 2577 709 2658 huju·
738 2561 1149 2638 eon'sulatum
1183 2571 1573 2646 inseruisse,
1613 2584 1687 2631 ut
1728 2570 1822 2631 di·

322 2694 517 2744 cetur
555 2679 624 2739 in
667 2677 1048 2759 Elagsbslo.

453 2783 672 2856 Haec,
718 2799 882 2864 qnae
929 2777 1012 2840 de
1042 2775 1521 2865 tribunatibus,
1565 2785 1634 2837 et
1672 2793 1825 2837 con·

330 2885 642 2949 sulatibus
687 2881 965 2945 seorsim
1002 2879 1277 2964 sumptis
1314 2878 1706 2954 memoravi,
1736 2891 1853 2969 „¹¹t.

328 2989 506 3052 belle
551 3004 624 3049 se
666 2985 938 3058 babent,
1006 2995 1223 3045 tamen
1270 2982 1530 3063 utrique
1562 3002 1823 3057 ,secu-m,

324 3103 403 3152 ¹ut
452 3100 759 3171 oportet,
824 3084 1115 3148 contenti
1158 3103 1288 3145 non
1337 3084 1637 3162 exiguam
1683 3102 1823 3144 cre·

334 3205 444 3255 ant
502 3188 904 3265 molestiam,
974 3198 1043 3248 et
1102 3185 1621 3268 qualemcunque
1680 3203 1826 3245 sen-

322 3290 604 3357 teutiam
690 3300 1023 3350 exercent.
1110 3287 1276 3346 Nam
1361 3305 1511 3348 cum
1596 3284 1825 3346 consul

333 3389 737 3481 processerit
775 3388 924 3453 Kal.
970 3390 1103 3450 Ian.
1147 3389 1229 3454 V.
1266 3389 1340 3448 C.
1383 3405 1499 3467 97¹
1527 3429 1545 3461 ,
1632 3401 1824 3467 atque

1873 1090 1879 1095 .
1922 1063 2055 1105 non
2128 1062 2347 1125 posse.

3261 454 3403 541 429

1917 652 2001 696 ex
2039 651 2123 695 eo
2159 629 2303 705 die,
2349 631 2745 693 ornamentis
2793 627 3241 694 consularibus
3285 650 3408 710 pro
3524 657 3530 668 ¹

1918 751 2123 812 vero,
2156 746 2231 796 ut
2275 733 2440 808 dixi,
2486 734 2825 798 consulatu
2871 733 3139 809 habitis,
3197 716 3407 796 dictus

1916 837 2120 900 fuerit
2163 836 2393 900 consul
2441 837 2555 912 11.‚
2598 855 2872 899 necesse
2919 851 3053 913 est,
3098 834 3410 920 deinceps

1920 940 2345 1005 consulatum·
2410 938 2782 1021 simplicem
2870 938 3086 1002 locum
3168 939 3414 1002 habere

2432 1042 2682 1106 Verum
2762 1041 3046 1104 omnium
3124 1045 3417 1109 manibus

1923 1157 2230 1206 teruntur
2255 1142 2436 1204 numi
2465 1141 2795 1225 inscriptiz
2846 1145 2983 1206 ΤΒ.
3012 1147 3084 1208 Ρ.
3117 1148 3195 1208 11.
3226 1149 3418 1214 COS-

1927 1247 2083 1310 Sive
2128 1245 2282 1309 trib.
2324 1257 2712 1329 potestatem
2757 1248 2956 1309 natali
2998 1250 3290 1331 imperii,
3337 1251 3419 1313 si-

1928 1369 2009 1412 ve
2047 1347 2197 1409 anni
2237 1347 2562 1430 principio
2600 1347 2891 1410 iteratam
2933 1357 3205 1425 statues,
3251 1373 3421 1414 sem-

1927 1469 2081 1534 per,
2125 1462 2200 1511 ut
2235 1448 2449 1525 vides,
2493 1437 2888 1531 repugnabit
2920 1450 3109 1513 COS.
3144 1454 3423 1534 simplex

1930 1573 2079 1615 cum
2116 1550 2447 1615 tribunatu
2491 1554 2576 1616 11.
2620 1550 3059 1633 conjunctum.
3146 1555 3422 1618 Factum

1931 1667 2274 1730 tenemus,
2332 1667 2530 1737 atque
2573 1651 2746 1714 istud
2786 1674 2918 1716 non
2964 1653 3162 1716 modo
3207 1660 3422 1720 numis

1933 1756 2178 1833 obviis,
2238 1754 2354 1817 sed
2415 1770 2481 1818 et
2533 1754 2702 1816 binis
2745 1758 3091 1819 Muratorii
3148 1781 3425 1822 marmo-

1931 1857 2111 1920 ribus
2143 1860 2201 1938 ·)
2250 1859 2734 1934 confirmatum,
2795 1860 2861 1920 in
2924 1860 3157 1942 quibus
3220 1862 3426 1924 omni·

1918 1959 2052 2028 bus
2098 1959 2414 2042 suspicari
2457 1961 2835 2036 monetarii,
2881 1963 2987 2025 vel
3029 1964 3425 2046 quadratarii

1933 2063 2217 2142 lapsum,
2293 2063 2712 2128 temerarium
2784 2083 2936 2130 sane
3013 2065 3206 2130 foret.
3296 2068 3428 2129 Ne·

1933 2164 2222 2236 cessario
2296 2164 2499 2247 igitur
2572 2165 3014 2248 quaerendum
3084 2164 3426 2252 effugium,

1932 2287 2080 2329 cum
2124 2287 2235 2328 res
2277 2266 2414 2348 ipsa
2457 2267 2778 2350 imperat.⁸
2844 2265 3068 2360 Quare
3127 2289 3273 2331 cum
3334 2271 3428 2335 vi-

1934 2368 2125 2430 deam
2168 2368 2238 2430 iu
2295 2370 2508 2429 numis
2566 2369 2716 2431 anni
2770 2371 2851 2436 V.
2901 2373 2973 2433 C.
3018 2391 3134 2453 97¹
3185 2374 3430 2453 promi-

1936 2490 2091 2533 scue
2137 2468 2337 2530 scribi
2378 2472 2519 2534 ΤΒ.
2561 2472 2634 2533 Ρ.
2678 2474 2756 2532 11.
2792 2471 3017 2549 COS.‚
3062 2488 3129 2535 et
3169 2476 3309 2538 ΤΒ.
3348 2476 3422 2538 Ρ.

1935 2574 2017 2635 11.
2080 2569 2272 2635 COS.
2334 2573 2450 2649 11.,
2525 2572 2683 2649 alia,
2748 2573 2987 2650 credo,
3051 2576 3449 2640 variationis-

1937 2661 2139 2755 hujus⁴
2193 2692 2385 2736 causa
2447 2673 2696 2752 adferri
2752 2676 3012 2758 nequit,
3075 2700 3294 2760 quam,
3346 2681 3425 2742 ab
3479 2743 3484 2750 ,

1937 2776 2080 2839 aliis
2154 2769 2531 2839 monetariis
2608 2793 2989 2857 ornamenta
3062 2781 3429 2846 consularia

1936 2900 2059 2964 pro
2114 2898 2276 2941 vero
2335 2879 2675 2942 consulatu
2725 2864 2942 2965 'habita
3000 2880 3235 2961 fuisse,
3295 2907 3428 2948 non

1931 2983 2095 3043 'item
2156 2981 2236 3043 ab
2300 2981 2461 3043 a‘liis.
2545 2983 2761 3051 ¹Video
2822 2976 3197 3061 enimvero,
3254 2986 3444 3061 istud„
3537 2978 3540 2979 ⁷

1937 3085 2151 3198 ipsum
2189 3074 2314 3164 jam
2361 3098 2531 3155 anno
2577 3084 3015 3166 praecedente
3061 3109 3095 3149 a
3144 3104 3431 3150 moneta-

1938 3185 2056 3245 riis
2116 3184 2318 3244 fuisse
2380 3185 2834 3263 observatum,
2894 3187 3067 3269 quod
3123 3200 3194 3247 ut
3238 3189 3428 3268 plane

1940 3285 2379 3366 intelligatur,
2447 3308 2529 3348 en
2575 3286 2837 3349 schema
2884 3307 3225 3350 numorum
3275 3290 3426 3351 utri

1940 3408 2145 3471 usque
2190 3387 2361 3449 anni.
2447 3388 2727 3472 Legitur

458 3584 539 3659 ιιι
576 3592 787 3657 numis
829 3595 911 3661 v.
958 3593 1031 3657 c,
1076 3610 1200 3675 970
1243 3555 1328 3636 -L
1369 3624 1454 3638 -
1498 3590 1637 3652 ΤΒ.
1685 3590 1755 3651 P.
1799 3590 1873 3650 P.
1919 3592 1999 3656 P.
2044 3593 2183 3655 veh
2233 3593 2371 3654 ΤΡ..
2416 3593 2492 3659 Ρ.
2537 3589 2725 3655 cos,
2769 3593 2841 3652 P.
2886 3593 2957 3655 P.

522 3746 560 3763 ..
827 3697 913 3764 V.
957 3696 1030 3757 C.
1077 3713 1331 3779 9712-
1370 3723 1455 3739 —-
1501 3695 1640 3753 ΤΒ.
1671 3694 1747 3758 Ρ.
1781 3693 1860 3754 11.
1897 3692 2088 3759 COS.
2116 3693 2190 3757 P.
2220 3693 2294 3758 P.
2333 3694 2470 3758 vel:

336 3908 550 3988 Atque
609 3901 797 3964 baec.
830 3896 1000 3962 ratio
1058 3918 1191 3961 nou
1247 3897 1317 3958 in
1360 3893 1683 3977 aliquibus
1728 3888 1857 3957 so·*

335 4009 473 4069 lum
545 4004 792 4079 numis,
860 4001 1072 4085 iisque
1132 3998 1495 4061 rarioribus
1558 3996 1827 4073 obtinet,

339 4108 456 4170 sed
496 4109 905 4191 promiscue,
970 4116 1040 4166 et
1082 4122 1292 4186 aequo
1336 4099 1482 4163 fere
1527 4120 1823 4162 numero.

339 4212 479 4283 Eu,
538 4210 890 4290 jem'anno
933 4208 1158 4289 priore
1203 4205 1270 4266 in
1315 4204 1457 4267 aliis
1516 4204 1824 4267 omissum

345 4309 573 4385 COS.‚
646 4310 714 4372 iu
774 4309 917 4372 aliis
978 4308 1287 4371 additum.
1374 4305 1698 4369 Nimirum
1763 4306 1832 4367 bi

341 4411 515 4474 dicta
559 4400 933 4473 ornamenta
978 4411 1044 4469 in
1088 4410 1458 4483 consulatus
1510 4409 1829 4472 calculum

343 4530 702 4596 recepere,
746 4510 847 4572 illi
874 4512 1265 4594 neglexere,
1311 4525 1379 4572 et
1409 4512 1584 4594 quod
1619 4515 1833 4594 sequi·

405 4731 474 4803 a)
512 4729 649 4806 Pag.
685 4734 827 4801 459.»
855 4738 905 4785 1.
946 4736 1004 4785 et
1038 4744 1172 4803 pag.
1216 4736 1377 4802 1993.
1419 4740 1470 4791 7.

2523 3694 2661 3756 Τιι.
2690 3696 2764 3757 P.
2783 3697 2873 3789 ¹11.
2911 3695 3099 3759 coe.
3131 3699 3208 3759 11.
3245 3700 3318 3789 ΠΡ.
3355 3698 3427 3756 P.

1946 3911 2099 3972 tur,
2149 3897 2253 3959 his
2289 3916 2323 3959 a
2360 3897 2679 3963 Kalendis
2729 3904 2859 3964 Ian.
2914 3902 3063 3987 anni
3109 3922 3222 3985 97¹
3277 3905 3431 3966 scri-

1945 3999 2228 4063 bendum
2274 4001 2396 4064 fuit
2438 4003 2629 4065 COS.
2679 4005 2795 4079 11.‚
2870 4005 3000 4088 illis
3046 4005 3237 4068 COS.
3283 4007 3431 4070 sim-

1943 4104 2119 4186 plex.
2164 4101 2250 4166 Et
2289 4127 2446 4167 vero
2473 4107 2764 4169 -valuisse
2798 4119 2934 4181 tum
2978 4109 3221 4170 varium
3257 4109 3431 4171 istud

1940 4206 2343 4281 institutum,
2406 4229 2542 4270 non
2592 4206 2789 4270 modo
2833 4212 3043 4271 numis
3088 4210 3431 4285 evincitur,

1946 4307 2066 4369 sed
2110 4320 2177 4370 et
2221 4309 2460 4392 insigni
2502 4312 2874 4389 testimonio
2919 4311 3149 4372 Dionis
3182 4310 3278 4392 ¹³),
3327 4331 3433 4375 cu·

1947 4409 2047 4490 jus
2110 4424 2361 4492 partem
2421 4412 2641 4495 paullo
2706 4434 2898 4495 supra
2962 4413 3266 4478 recitavit
3333 4436 3432 4474 και

1947 4534 2040 4572 τοι
2097 4536 2183 4597 μη
2247 4515 2560 4593 Smne-af,
2628 4510 2892 4595 δευτερον
2948 4510 3017 4582 δε
3070 4539 3158 4597 τῳ
3205 4512 3428 4578 &morte

1658 4726 1741 4802 b)
1781 4728 1845 4786 L.
1886 4728 2207 4791 Lxxv111.
2237 4734 2297 4803 §-
2338 4739 2425 4793 ιε.
2501 4744 2508 4751 ·
