4388 5576
116 3038 133 3062 ‘
196 3134 203 3137 ἢ
313 3059 530 3122 cultus
577 3059 690 3123 diu
741 3058 1053 3141 deinceps
1101 3055 1379 3122 duravit.

964 420 1115 499 DE
1192 418 1554 532 NVMJS
1639 415 2765 503 CONSECRATIONVM.

310 609 527 684 modis
559 607 856 676 diversos
884 605 1078 676 etiam
1107 619 1297 690 typos
1330 600 1412 668 ad
1442 599 1810 687 significan-

305 699 465 781 dam
497 709 1058 778 consecrationem
1081 706 1386 775 advocari
1414 705 1644 773 solitos
1656 704 1810 792 per-

313 821 687 886 lustremus.

436 922 602 985 Pars
658 916 936 986 adversa
999 925 1194 997 caput
1253 910 1396 997 ejus
1438 910 1640 991 sistit,
1701 910 1812 978 cui

312 1024 525 1086 honos
568 1020 625 1085 is
662 1018 969 1085 decretus
1018 1013 1175 1095 fuit,
1233 1013 1354 1077 sed
1390 1015 1595 1083 variat
1640 1014 1812 1097 capi-

308 1101 395 1188 tis
451 1123 684 1189 cultus.
769 1120 973 1188 Iulius
1020 1121 1259 1183 Caesar
1309 1115 1657 1208 imminens
1701 1115 1810 1180 ha-

315 1225 432 1288 bet
470 1223 668 1311 capiti
697 1241 816 1287 suo
855 1214 1137 1314 qsmm‘,
1181 1237 1313 1304 quo
1359 1219 1574 1284 notari
1597 1236 1809 1298 come·

311 1343 441 1392 tam
480 1328 550 1389 in
604 1325 747 1409 ejus
788 1323 1004 1387 numia
1047 1321 1201 1386 satis
1238 1319 1552 1401 diximus,
1610 1340 1808 1405 quem

313 1451 460 1495 esse
497 1426 775 1493 animam
812 1425 1108 1491 Caesaris
1153 1425 1222 1484 in
1259 1423 1521 1486 coelum
1556 1425 1812 1515 recepti

316 1531 441 1594 sibi
482 1528 806 1615 persuasit
847 1528 1100 1612 vulgus.
1185 1517 1316 1588 Hic
1370 1544 1534 1609 ergo
1597 1539 1811 1609 typus,

317 1634 469 1720 quia
511 1633 665 1698 huic
700 1631 820 1696 ‘uni
863 1629 1211 1716 proprius,
1271 1624 1353 1691 ad
1391 1645 1812 1692 successores

309 1756 443 1810 non
506 1734 820 1799 transivit.
912 1736 1117 1813 Caput
1161 1734 1494 1794 radiatum
1551 1729 1623 1793 in
1682 1733 1812 1794 Au·

314 1851 506 1923 gusto
533 1851 786 1903 certum
822 1847 923 1898 est
954 1831 1467 1898 consecrationis
1508 1831 1766 1913 signum
1785 1853 1806 1913 3

312 1960 461 2001 nam
520 1952 671 2002 ante
727 1938 1065 2000 Neronem
1137 1933 1363 1997 nullus
1435 1933 1810 2019 principum

236 2084 244 2090 -
298 2029 499 2108 'vivus
543 2059 788 2103 corona
842 2035 1086 2101 radiata
1138 2056 1294 2098 usus
1340 2048 1478 2114 est,
1541 2033 1625 2099 de
1678 2056 1809 2122 quo

309 2142 462 2214 vide
515 2141 689 2205 dicta
740 2139 808 2201 in
852 2139 1067 2201 numis
1115 2133 1647 2221 Neronis'vagis.
1730 2141 1810 2203 In

315 2242 531 2306 numis
584 2241 704 2320 iis,
763 2237 835 2302 in
890 2239 1125 2324 quibus
1185 2237 1643 2304 Trebonianus
1697 2253 1809 2304 aut

312 2346 765 2433 proximorum
804 2343 969 2407 alius
1003 2341 1416 2427 superiorum
1435 2342 1808 2428 principum

312 2444 880 2512 consecrationem
922 2444 1246 2523 restituit,
1309 2444 1395 2510 de
1433 2444 1669 2530 quibus
1713 2446 1810 2507 in-

307 2548 446 2627 fra,
486 2548 807 2613 radiatum
858 2564 1124 2630 semper
1155 2537 1350 2628 caput
1394 2557 1515 2610 est.
1606 2549 1814 2627 eaput

310 2655 675 2715 laureatum
690 2647 935 2715 habent
967 2648 1334 2711 consecrati
1350 2647 1808 2731 Vespasianus,

311 2751 539 2830 Titus,
581 2754 833 2829 Nerva,
896 2748 1264 2815 Antoninus
1306 2746 1500 2829 Pius,
1571 2750 1698 2814 etsi
1740 2760 1810 2814 et

311 2872 625 2919 coronam
694 2852 1008 2919 radiatam
1074 2851 1482 2921 admiserint.
1609 2856 1811 2936 caput

311 2962 553 3021 nudam»
620 2976 766 3021 cum
826 2958 1048 3021 Nerva
1110 2952 1373 3039 incipit,
1442 2966 1639 3040 atque
1696 2954 1806 3118 llzic

1488 3057 1576 3121 D.
1620 3057 1707 3122 Sa
1737 3076 1807 3121 o·

308 3162 503 3222 ninus
545 3159 613 3220 in
655 3157 990 3243 plerisque
1049 3156 1335 3220 radiatus
1395 3156 1638 3219 iterum
1681 3169 1805 3223 est.

306 3261 403 3321 D.
479 3244 821 3326 Claudius*
871 3259 1190 3323 Gothicus
1275 3255 1406 3339 jam
1488 3255 1803 3330 lauream,

310 3360 442 3444 jam
493 3356 717 3425 radios
752 3360 983 3444 jactat,
1045 3356 1512 3443 ac‘praeterea
1554 3356 1805 3441 primus

308 3465 370 3528 is
393 3477 525 3543 est,
567 3463 638 3526 in
667 3461 851 3547 cujus
878 3459 1095 3524 numis
1123 3470 1320 3539 caput
1334 3465 1610 3526 velatum
1633 3460 1807 3523 com‘·

308 3578 540 3651 paret,
602 3565 781 3650 quod
838 3561 1079 3627 deinde
1143 3559 1341 3624 offert
1399 3559 1592 3623 etiam
1640 3563 1807 3626 Con·

311 3671 586 3732 stantius
634 3667 955 3743 Chlorus,
1025 3676 1094 3728 et
1148 3662 1293 3728 Gal.
1354 3661 1805 3740 Maximianus,

206 3776 211 3781 ’
304 3766 746 3862 etsi'uterque
765 3787 982 3857 neque
1009 3764 1390 3841 nuditatem,
1434 3784 1651 3852 neque
1672 3764 1806 3828 lau-

306 3890 495 3941 ream
535 3870 796 3938 abnuat.
876 3871 1185 3940 Velatum
1229 3867 1423 3930 etiam
1475 3880 1578 3929 est
1611 3876 1806 3949 caput

301 3979 393 4043 1).
429 3966 834 4043 Constantini
863 3977 995 4052 M„
1040 3984 1109 4036 et
1143 3987 1339 4051 saepe
1389 3990 1515 4033 una
1551 3969 1803 4033 laurea·

298 4060 470 4146 tum.
556 4058 796 4149 velum
852 4094 1040 4140 sacer
1099 4070 1355 4135 habitus
1414 4069 1619 4156 vulgo
1661 4089 1804 4135 cre-

300 4172 554 4257 ditum,
595 4180 796 4259 velati
825 4174 1192 4265 pontifices,
1237 4194 1383 4237 cum
1417 4173 1618 4238 sacris
1649 4192 1807 4258 ope-

305 4280 438 4349 tati
459 4293 642 4360 sunt,
683 4283 881 4348 velati
909 4299 1228 4365 augures,
1273 4277 1606 4356 Vestales,
1652 4296 1802 4341 cum

3264 437 3419 530 ‚467

1922 604 2077 669 velo
2113 603 2309 671 etiam
2359 627 2560 694 saepe
2619 607 2703 672 ab
2763 607 3120 676 artificibus
3178 629 3422 705 propo·

1922 705 2084 770 sitae
2116 707 2409 788 animae,
2453 731 2518 778 v.
2548 731 2606 776 c.
2648 731 2800 777 cum
2835 734 2877 779 a
2903 714 3239 796 Mercurio
3294 732 3422 786 tra-

1923 804 2271 892 ducuntur.
2356 812 2678 877 Divarum
2727 812 3166 899 Augustarum
3203 821 3424 906 >capita

1920 909 2142 975 nullus
2185 932 2382 999 saepe
2425 914 2780 999 peculiaris
2827 918 3040 994 cultus
3086 919 3427 1000 discernit,

1922 1027 1993 1077 ut
2036 1014 2452 1093 Domitillae,
2512 1017 2719 1084 Iuliae
2764 1021 2902 1085 'riti
2944 1018 3161 1100 filiae,
3219 1023 3426 1089 Ploti-

1922 1135 2085 1193 nae,
2128 1119 2541 1196 Marcianae,
2583 1121 2921 1200 Matidiae,
2975 1122 3275 1189 Sabinae.
3335 1124 3428 1189 At

1926 1217 2199 1296 Sabina,
2261 1232 2326 1307 et
2381 1233 2656 1306 utraque
2711 1224 3018 1289 Faustina
3076 1221 3213 1290 non
3271 1248 3428 1294 raro

1889 1389 1906 1399 ,Α
1923 1320 2146 1387 velum
2183 1319 2514 1385 ordinario
2556 1342 2676 1387 suo
2710 1327 2936 1413 capitis
2965 1326 3173 1390 cultui
3201 1349 3432 1415 super-

1922 1422 2243 1506 injeeere.
2330 1423 2503 1492 Velo
2546 1423 2786 1492 deinde
2837 1448 2994 1493 usae
3035 1442 3186 1497 suut
3228 1429 3430 1496 etiam

1924 1511 2187 1601 Maesa,
2233 1519 2303 1586 et
2335 1525 2718 1612 Mariniana.
2802 1530 3103 1616 Dalulia
3146 1530 3427 1615 Augusti

1924 1615 2265 1698 uxot-'‘ritu
2297 1626 2566 1695 Cereris
2612 1643 2807 1716 caput
2843 1631 3044 1700 habet
3080 1632 3279 1719 spicis
3315 1652 3429 1699 co·

1922 1723 2248 1800 renatum.
2398 1733 2406 1742 ’
2581 1805 2596 1814 p
2677 1805 2682 1812 ,
3153 1720 3167 1740 ’

2050 1831 2214 1893 Pars
2257 1850 2489 1899 aversa
2531 1834 2750 1910 varios
2806 1834 3008 1902 habet
3049 1849 3280 1924 typos,
3343 1857 3432 1903 ex

1928 1930 2163 2017 quihus
2209 1952 2326 1996 eos
2386 1933 2655 2015 omitto,
2710 1938 2824 2021 qui
2885 1961 3034 2004 cum
3079 1953 3426 2006 consecra·

1922 2023 2103 2101 tione
2145 2054 2278 2099 non
2317 2049 2798 2101 connectuntur
2811 2062 2834 2121 3
2879 2062 3029 2105 nam
3079 2055 3148 2105 et
3173 2039 3429 2106 alienos

1923 2135 2086 2199 alios
2112 2157 2249 2204 ⁴non
2275 2129 2428 2204 raro
2454 2137 2609 2204 huic
2634 2139 2838 2208 fuisse
2863 2145 3147 2210 insertos
3168 2188 3188 2225 ,
3231 2164 3430 2230 supra
3482 2184 3490 2210 a

1921 2240 2170 2303 monui.

2047 2348 2298 2433 Aquila
2343 2340 2535 2424 obvia
2577 2343 2646 2407 in
2691 2344 2907 2409 numia
2951 2344 3258 2414 divorum
3297 2350 3431 2415 Au·

1924 2458 2302 2529 gustorum,
2348 2460 2417 2534 et
2433 2450 2895 2531 Augustarum.
2983 2450 3158 2518 Vide
3189 2463 3428 2515 numos

1922 2544 2264 2624 Plotinae,
2352 2549 2764 2627 Marcianae,
2850 2549 3192 2633 Matidiae,

1923 2647 2170 2727 driani,
2233 2649 2551 2727 Sabinae,
2611 2652 2708 2715 M.
2752 2651 3012 2717 Aurelii
3053 2667 3179 2718 etc.
3266 2655 3430 2719 Cau·

1924 2771 1993 2814 sa
2052 2743 2350 2817 advocati
2404 2752 2600 2838 hujus
2658 2751 2831 2817 alitis
2909 2766 3044 2836 est,
3120 2755 3300 2842 quod
3346 2757 3430 2822 ‘in

1924 2855 2440 2918 consecrationis
2484 2854 2902 2919 caerimoniis
2957 2877 3279 2926 succenso
3322 2880 3430 2927 ro-
3487 2850 3494 2857 “

1924 2973 2011 3037 go
2043 2973 2127 3018 ex
2169 2974 2424 3021 summa
2460 2950 2601 3042 ejus
2638 2975 2956 3044 compage
3002 2962 3215 3026 emitti
3249 2964 3436 3050 aqui·

1918 3052 1988 3119 la
2034 3058 2416 3143 consuevit,
2473 3058 2661 3124 velut
2715 3063 2997 3126 animam
3050 3063 3117 3126 in
3162 3067 3429 3130 coelum

1921 3155 2131 3220 latura
2162 3158 2245 3241 ⁸).
2331 3160 2519 3222 Haec
2559 3162 2773 3247 aquila
2805 3162 2873 3224 in
2908 3163 3230 3228 restitutis
3263 3168 3430 3232 Tre·

1918 3252 2187 3320 boniani
2225 3278 2389 3326 aevo
2427 3263 3030 3345 consecrationibus
3063 3270 3287 3349 potior
3323 3282 3428 3335 est

1920 3367 2136 3439 typus.

2046 3463 2296 3543 Aquila
2325 3463 2613 3535 am‘mam
2628 3466 2931 3551 Auynstz',
2967 3471 3077 3531 vel
3090 3471 3425 3553 Δαρειαίου

1921 3580 2174 3623 sursum
2224 3565 2527 3640 evehens,
2587 3562 2656 3627 in
2700 3565 2917 3630 numis
2973 3567 3284 3650 Sabinae,
3328 3577 3419 3638 M.

1924 3661 2209 3740 Aurelii,
2275 3663 2627 3729 Faustinae
2694 3668 3077 3754 utriusque,
3137 3675 3424 3758 Maesae,

1922 3761 2246 3828 Salonini.
2327 3765 2602 3830 Causam
2667 3769 2989 3852 elegantis
3048 3771 3243 3857 hujus
3288 3779 3425 3863 typi

1921 3867 2235 3930 continuo
2298 3864 2625 3938 dedimus.
2756 3872 2830 3935 In
2887 3874 3227 3959 praeclara
3283 3878 3440 3944 basi·

1917 3986 2292 4033 marmorea
2362 3969 2705 4036 columnae
2766 3971 3077 4065 ‘Antonini
3145 3979 3281 4058 Pii,
3350 3982 3422 4045 in

1916 4088 2044 4155 qua
2075 4069 2416 4155 finguntur
2446 4073 2815 4139 Antoninus
2834 4066 3028 4153 Pius,
3071 4091 3140 4141 et
3168 4079 3423 4160 Fausti.
3469 4124 3478 4129 -

1911 4182 1997 4237 na
2046 4193 2219 4265 uxor
2253 4174 2335 4239 ab
2374 4175 2549 4241 alato
2569 4176 2782 4262 *genio
2813 4179 2900 4242 in
2943 4179 3143 4243 altum
3183 4186 3419 4263 evecti,

1915 4288 2135 4343 tamen
2198 4278 2413 4363 aquila
2498 4300 2625 4342 una
2689 4278 3127 4359 Antoninum,
3213 4284 3420 4352 altera

310 4460 3425 4505 mannan-..numm

383 4605 445 4675 a)
485 4598 600 4663 Dio
625 4596 689 4659 L.
716 4595 865 4664 LVI·
899 4599 954 4673 ᾖ·
985 4601 1092 4669 42,
1132 4604 1191 4655 et
1215 4592 1283 4657 L.
1311 4592 1575 4661 LXXIV.
1607 4602 1656 4674 ς.
1698 4610 1759 4667 5.
1797 4594 2124 4659 Herodian.
2152 4593 2221 4654 1..
2254 4589 2363 4656 tv.
2393 4590 2504 4653 sub
2539 4590 2670 4651 init.
2757 4633 2762 4637 -

996 4798 1043 4851 Χ

2707 4684 3006 4753 Nune

3295 2554 3431 2619 Ha·
3545 2527 3556 2534 ῃ
