4388 5576
945 450 1090 525 328
1196 484 1208 496 ·

878 616 901 636 ·
946 625 1072 698 769
1105 615 1196 695 ·):
1245 614 1653 676 8011111111111111
1690 610 1748 668 is
1781 609 2116 682 continno,
2162 616 2231 673 et
2259 616 2436 669 ante·

944 737 1137 801 quam
1179 718 1252 776 s'n
1289 716 1505 777 urbem
1550 712 1859 784 venisset,
1904 710 2132 783 infuit,
2176 727 2306 768 11011
2337 716 2436 769 ta·

943 839 1085 881 meu
1120 826 1251 881 toto
1302 836 1472 879 anuo
1518 814 1747 893 gessit,
1790 813 1910 871 aed
1935 818 2280 893 postquam
2312 813 2437 872 Ro·

943 939 1113 983 mam
1157 917 1453 991 advenit,
1514 934 1589 975 eo
1638 931 1707 972 se
1751 913 2110 987 abdicavit,
2169 930 2435 993 eumque

818 1032 831 1043 “
943 1023 1017 1098 Q.
1054 1020 1290 1092 Fabio,
1335 1028 1401 1078 et
1432 1019 1496 1078 C.
1541 1014 1848 1076 Trebonio
1873 1016 2191 1088 permisit.
2260 1015 2436 1073 Cum-

872 1131 883 1143 ·
938 1141 1063 1205 qve
1094 1123 1335 1181 Fabam
1372 1127 1662 1179 extremo
1704 1115 2077 1177 consulatus
2119 1117 2227 1175 die
2269 1134 2434 1175 mor·

936 1232 1087 1297 ,8⁰⁰⁸
1116 1231 1309 1297 esset,
1352 1222 1424 1282 1·11
1455 1222 1741 1301 reliquas
1766 1217 1960 1277 horas
1994 1217 2058 1276 C.
2091 1217 2434 1277 Caninium

939 1324 1264 1401 *οἶσι-ἡ.-
1257 1318 1496 1415 Quod
1549 1317 1725 1379 idem
1773 1318 2043 1379 narrans
2092 1313 2329 1377 Cicero
2361 1311 2429 1397 h)

939 1418 1161 1503 lepide
1209 1421 1417 1484 additt
1477 1426 1584 1484 Ita
1641 1422 1909 1480 Cani‘mo
1960 1421 2220 1481 consule
2268 1420 2430 1479 scito

937 1528 1249 1586 neminem
1278 1527 1640 1603 prandisse.
1706 1522 1894 1582 ΝιΙιίΙ
1925 1530 2135 1580 tamen
2171 1540 2245 1580 eo
2286 1538 2431 1579 con·

938 1628 1076 1686 mle
1116 1628 1275 1686 mali
1307 1628 1560 1704 factam
1601 1633 1712 1683 est.
1778 1623 1927 1682 Fuit
1957 1622 2125 1680 enim
2157 1623 2431 1701 1111νὶ11·οα

937 1728 1322 1806 viqt’lautia,
1383 1728 1525 1823 qui
1544 1746 1659 1786 suo
1708 1733 1839 1784 toto
1890 1724 2226 1784 consulatu
2269 1741 2431 1782 som·

862 1816 871 1823 ’
935 1846 1089 1888 1111111
1123 1838 1252 1888 'non
1285 1806 1537 1887 viderit'.
1598 1822 1767 1893 Vide
1805 1822 1886 1885 ad
1921 1821 2167 1883 similes
2207 1841 2428 1884 causas

935 1929 1106 1992 salse
1144 1928 1315 1990 dicta
1350 1925 1519 2012 apud
1555 1924 1966 1988 Macrobium
1999 1923 2080 2006 c).
2141 1924 2428 2005 Vulgato

933 2030 1243 2114 exemplo
1275 2050 1427 2091 raro
1466 2029 1775 2110 deinceps
1813 2025 2122 2108 contigit,
2171 2037 2273 2102 ut,
2319 2025 2431 2110 qui

918 2132 1088 2198 Kal.
1143 2135 1277 2194 Ian.
1323 2150 1752 2215 processere,
1830 2142 1966 2190 toto
2015 2147 2183 2189 anno
2242 2120 2431 2189 dura-

930 2248 1114 2310 rent,
1187 2235 1491 2294 nimirum
1554 2227 2089 2313 imperatoribus,
2148 2243 2220 2291 ut
2287 2251 2431 2312 gra-

931 2337 1090 2399 tiam
1124 2335 1295 2398 bene
1335 2335 1417 2396 de
1462 2354 1531 2395 se
1566 2333 1814 2395 meritis
1849 2333 2222 2404 referrent,
2265 2331 2428 2395 alios

874 2454 877 2461 “
933 2437 1017 2501 ad
1051 2434 1243 2519 hujus
1276 2436 1545 2499 honoris
1584 2434 2110 2498 communionem
2141 2433 2432 2495 vocanti·

931 2540 1079 2605 bus.
1168 2542 1255 2603 Et
1289 2539 1412 2601 fuit
1450 2552 1743 2619 tempus,
1790 2555 1918 2619 quo
1956 2536 2118 2597 haec
2160 2535 2430 2599 licentia

931 2642 1200 2707 modum
1236 2641 1553 2718 excessit,
1591 2659 1719 2723 quo
1752 2638 1947 2698 modo
1983 2635 2311 2700 Cleander
2346 2657 2430 2701 ex

928 2765 1126 2811 servo
1154 2756 1550 2829 praepotens
1583 2739 1929 2804 Commodi
1956 2740 2128 2824 Aug.
2162 2737 2426 2803 cubicu-

927 2849 1135 2913 larius
1194 2846 1496 2911 consules
1549 2844 1755 2913 XXV.
1809 2842 1876 2903 in
1932 2862 2134 2904 unum
2187 2863 2427 2905 annum

928 2951 1306 3034 designasse
1343 2949 1554 3010 fertur
1585 2943 1669 3028 d).
1733 2945 1899 3006 Sunt
1932 2957 2279 3026 praeterea
2316 2964 2428 3007 ex·

928 3054 1180 3136 empla‚
1224 3052 1690 3134 imperatores,
1738 3045 1859 3108 sed
1904 3046 2126 3108 stolidi
2175 3059 2432 3109 tantum'

927 3155 1209 3238 ingenii,
1255 3151 1529 3236 dejectis
1578 3149 1956 3214 consulibus
1999 3148 2314 3233 legitimis
2354 3150 2426 3211 in

926 3256 1163 3319 horum
1210 3276 1280 3317 se
1325 3256 1542 3319 locum
1586 3253 1949 3317 intrusisse.
2035 3252 2251 3335 Atque
2296 3251 2426 3316 hoc

926 3358 1126 3421 modo
1180 3357 1512 3439 Caligula,
1577 3368 1645 3417 et
1691 3352 2085 3438 Elagabalus
2135 3354 2424 3436 primum
2533 3387 2540 3390 -

926 3483 1116 3527 suum
1198 3459 1606 3540 consulatum
1684 3457 1974 3519 habuere
2050 3454 2421 3530 suffectum,

927 3564 1112 3626 Nero
1173 3576 1608 3644 postremum,
1670 3571 1742 3619 ut
1783 3557 1865 3621 ad
1909 3557 2144 3620 horum
2188 3575 2423 3620 numos

824 3711 829 3716 ,
928 3664 1232 3727 diximus.

1057 3765 1190 3857 Qui
1226 3761 1543 3826 Kalendis
1566 3762 1696 3822 lan.
1719 3768 2217 3842 processerunt,
2263 3753 2420 3817 dicti

926 3868 1119 3930 fuere
1166 3869 1521 3938 ordinarii,
1583 3862 1761 3945 iique
1808 3881 1977 3924 anno
2020 3876 2263 3920 nomen
2309 3856 2423 3917 de-

886 3961 899 3970 *
932 3970 1205 4041 derunt,
1303 3965 1682 4048 majoreque
1776 3962 1940 4024 adeo
2031 3957 2418 4022 auctoritate

924 4069 1299 4160 pollebant,
1345 4087 1535 4149 quam
1579 4062 1870 4138 suffecti,
1905 4061 2029 4144 ,qui
2073 4074 2258 4124 extra
2290 4061 2422 4121 Ro·

926 4194 1099 4236 mam
1157 4182 1226 4233 et
1288 4169 1538 4231 ltaliam
1595 4165 1742 4229 fere
1805 4177 1991 4227 erant
2046 4161 2289 4244 ignoti,
2345 4181 2420 4224 ac

927 4288 1280 4360 propterea
1339 4273 1629 4334 consules
1671 4272 1948 4334 minores
2009 4263 2419 4330 dicebantur.

927 4377 1099 4448 Vide
1143 4375 1307 4438 haec
1338 4372 1655 4437 adcurate
1702 4369 1995 4455 exposita
2048 4368 2220 4450 apud
2262 4365 2423 4427 Dio·

2235 412 2627 499 CAPVT
2691 420 2751 493 1.

2493 630 2502 639 ’
2550 624 2705 667 nem
2750 604 2831 683 ο).
2911 599 3287 665 Discrimen
3329 601 3503 664 istud
3553 600 3859 683 elegante
3904 624 4050 669 sen·

2549 705 2754 769 tentia
2795 703 3180 789 complexus
3225 717 3325 766 est
3369 705 3623 795 Seneca
3664 702 3763 787 ¹)·
3851 691 4050 771 Dedit

2553 808 2974 891 (imperator)
3037 810 3189 872 XII.
3230 808 3505 889 fasces?
3564 810 3681 870 ced
3717 828 3845 870 non
3871 810 4052 888 fecit

2549 914 2951 975 ordinarium
3009 913 3351 973 consulem.
3436 910 3507 971 A
3560 928 3660 970 me
3718 913 4047 970 numerari

2546 1016 2758 1075 uoluit
2789 1013 3081 1074 ameum?
3122 1015 3241 1072 sed
3284 1014 3461 1073 deest
3504 1011 3664 1071 1111711·
3706 1013 3797 1070 ad
3837 1029 4048 1072 sacer-

2547 1117 2811 1175 dotium.
2911 1117 3254 1192 emptam:
3310 1115 3383 1174 1·11
3440 1111 3800 1192 conleyz'um
3855 1110 4048 1173 aum?

2547 1218 2667 1277 sed
2700 1235 2815 1276 cnr
2856 1217 2928 1276 in
2969 1216 3221 1277 unum?

2673 1316 2990 1380 Consules
3034 1298 3330 1390 suffecti,
3372 1334 3522 1377 cum
3570 1310 3845 1379 subinde
3887 1332 4043 1376 con·

2546 1413 2823 1478 sulatum
2876 1417 3277 1480 ordinarium
3329 1428 3478 1477 sunt
3528 1414 3780 1498 adepti,
3833 1415 4041 1479 adnu-

2544 1538 2805 1581 merare
2862 1518 3207 1581 suffectum
3263 1529 3412 1579 sunt
3456 1515 3653 1578 soliti.
3742 1514 4042 1583 Octai'ia·

2544 1612 2665 1683 nus
2697 1622 2780 1689 V.
2808 1622 2881 1685 C.
2918 1643 3036 1703 7¹¹
3077 1619 3142 1680 in
3176 1620 3394 1682 locum
3429 1618 3770 1680 consulum
3796 1620 3861 1681 in
3897 1620 4040 1684 acie

2547 1720 3276 1795 caesorumsuffectus,
3344 1739 3493 1782 cum
3546 1718 3785 1782 deinde
3829 1720 3911 1789 V.
3961 1721 4036 1785 C.

2542 1841 2662 1906 721
2731 1825 2962 1887 consul
3013 1823 3251 1885 iterum
3307 1822 3735 1906 procederet,
3806 1821 4038 1886 consul

2544 1924 2782 1999 iterum
2834 1924 2902 1986 in
2950 1924 3385 1991 monumentis
3441 1924 3742 1988 omnibus
3793 1935 3896 1987 est
3945 1921 4042 1984 di·

2544 2040 2705 2091 ctus.
2794 2027 3090 2112 Caligula
3126 2051 3164 2091 a
3201 2028 3353 2093 Kal.
3387 2028 3506 2091 Iul.
3537 2029 3618 2099 V.
3652 2027 3722 2090 C.
3751 2042 3878 2109 790
3909 2022 4042 2087 euf-

2543 2130 2757 2193 fectus
2803 2131 3073 2209 consul,
3144 2133 3466 2215 processit
3514 2127 3747 2193 consul
3794 2127 4039 2190 iterum

2543 2232 2695 2295 Kal.
2745 2235 2879 2299 Ian.
2917 2236 2998 2304 V.
3040 2234 3115 2299 C.
3151 2250 3302 2318 ¹792.
3375 2230 3862 2297 ‘Adnumeravit
3905 2230 4042 2293 Do·

2543 2335 2844 2397 mitianus
2907 2335 3283 2400 consulatus
3352 2336 3638 2420 quinque
3701 2331 4040 2410 suffectos,

2544 2456 2708 2520 quos
2753 2452 3080 2520 gesserat,
3128 2451 3473 2522 antequam
3516 2436 3868 2518 imperium
3906 2434 4039 2499 adi·

2543 2537 2765 2609 visset.
2851 2541 3178 2623 Exempla
3237 2539 3428 2623 plura
3489 2537 3614 2600 alia
3671 2537 3740 2598 in
3795 2535 4039 2600 annali-

2543 2636 2664 2700 bus
2712 2637 2891 2705 dedi.
2979 2644 3227 2704 Tamen
3275 2642 3344 2701 in
3382 2652 3645 2704 moneta
3678 2636 4036 2703 Domitiani

2542 2738 2623 2803 ad
2657 2761 2896 2805 annum
2939 2742 3021 2812 V.
3062 2744 3135 2808 C.
3168 2743 3292 2809 832
3333 2763 3602 2806 numum
3643 2739 3922 2826 protuli,
3966 2740 4036 2802 in

2542 2862 2672 2927 quo
2728 2842 2870 2926 ejus
2921 2846 3207 2932 quinque
3259 2846 3693 2911 suffectorum
3742 2844 4035 2913 consula-

2539 2958 2722 3008 tuum
2766 2946 2933 3010 ratio
2978 2933 3116 3013 non'
3153 2947 3453 3012 habetur.
3485 2953 3488 2956 ’

3172 3103 3237 3257 §-
3282 3171 3396 3240 ιν.

2665 3351 3032 3436 Republica
3073 3352 3329 3435 integra
3360 3372 3495 3415 non
3528 3354 4034 3433 desiqnabanm

2539 3459 2863 3529 consules,
2909 3454 3035 3515 nisi
3075 3453 3141 3514 in
3177 3475 3412 3516 annum
3451 3464 3862 3535 sequentem.
3944 3454 4054 3540 At,

2540 3555 2715 3617 enim
2747 3554 2940 3617 etiam
2976 3555 3147 3617 istud
3191 3545 3553 3618 institutum
3594 3567 3843 3616 mature
3880 3549 4031 3617 coe-

2441 3701 2448 3708 .
2535 3658 2633 3741 pit
2677 3656 3080 3722 labefactari.
3169 3658 3251 3725 V.
3298 3659 3368 3721 C.
3414 3659 3540 3738 715
3584 3654 3704 3717 sub
3745 3655 4028 3738 imperio

2536 3758 2924 3823 Illvirorum
2973 3760 3057 3821 R.
3105 3758 3182 3823 P.
3234 3760 3305 3822 C.
3363 3755 3669 3821 consules
3714 3757 3781 3818 in
3825 3778 4028 3822 annoe

2533 3861 2706 3930 VIII.
2728 3859 3048 3945 designati
3090 3859 3313 3937 fuere,
3360 3880 3523 3943 quos
3568 3859 3739 3922 inter
3769 3864 3859 3927 M.
3895 3860 4027 3920 An-

2534 3961 2719 4024 tonio
2776 3962 3107 4028 obvenere
3167 3963 3319 4023 anni
3360 3982 3486 4046 720
3549 3975 3617 4024 et
3672 3960 3817 4043 723.
3901 3962 4025 4023 Er-

2536 4082 2622 4147 go
2667 4063 2775 4126 hic
2819 4064 2900 4128 ab
2944 4084 3111 4127 anno
3154 4063 3235 4132 V.
3281 4066 3356 4129 C.
3400 4084 3559 4146 710,
3617 4082 3747 4145 quo
3791 4059 4021 4126 consul

2534 4166 2820 4248 primum
2856 4167 3211 4252 processit,
3259 4169 3467 4250 usque
3517 4163 3600 4229 ad
3637 4162 3881 4227 dictum
3917 4182 4027 4255 ⁸3¹⁸

2533 4289 2690 4331 num
2722 4271 2848 4352 7¹5
2887 4269 2956 4330 in
3002 4270 3217 4354 numis
3263 4267 3652 4352 simpliciter
3695 4263 3886 4330 COS.
3932 4263 4030 4326 di-

2533 4370 2734 4448 citur,
2794 4370 3105 4454 deinceps
3159 4390 3367 4456 usque
3422 4371 3506 4433 ad
3543 4391 3782 4433 annum
3823 4370 3904 4439 V.
3947 4368 4027 4434 C.

1001 4615 1061 4676 a)
1099 4609 1167 4665 1..
1207 4605 1411 4663 xun.
1452 4609 1503 4678 ς».
1535 4606 1628 4669 46.

929 4700 994 4758 1..
1033 4696 1271 4758 Lxxn.
1310 4699 1363 4769 ς.
1405 4705 1492 4753 12.
1695 4696 1757 4767 e>
1797 4692 1861 4752 1..
1900 4688 2167 4764 vauL
2210 4693 2262 4763 ς.
2300 4699 2392 4755 ³⁵.

1777 4601 1844 4671 1»)
1886 4602 1947 4656 L.
1988 4599 2120 4659 Vn.
2158 4597 2348 4657 famil.
2386 4598 2559 4678 epist.
2592 4610 2684 4663 30.

2831 4601 2891 4667 c)
2931 4597 3165 4655 Saturn.
3202 4597 3267 4654 L.
3307 4596 3385 4657 11.
3425 4616 3556 4678 cap.
3593 4609 3648 4666 ὅ.

3703 4659 3729 4681 Ι
3799 4596 3867 4673 d)
3903 4595 4024 4658 Dio

2592 4688 2646 4764 s)
2687 4687 2763 4748 de
2799 4685 2891 4746 ira
2927 4687 2992 4749 L.
3031 4687 3135 4750 111.
3179 4707 3231 4748 c.
3257 4699 3347 4756 31.
3893 4711 3898 4716 ·
