4388 5576
1003 514 1145 584 1ᾰῶ

1117 659 1208 740 λι
1257 692 1424 739 vero
1477 671 1863 734 sententiam
1909 670 2223 733 Bandurii
2275 657 2490 753 gravis

999 793 1194 863 urget
1275 774 1646 841 difficultas.
1729 772 1872 851 Ait,
1945 794 2179 836 numos
2264 774 2491 837 inscri-

997 895 1145 965 ptos
1179 880 1314 942 FL.
1347 876 1454 940 vel
1490 876 1626 940 FL.
1667 874 1838 945 IVL.
1869 875 2208 959 pertinere
2240 875 2322 939 ad
2357 877 2492 939 He·

994 987 1212 1046 -lenam
1257 980 1508 1045 Chlori.
1596 978 1844 1047 Verum
1892 978 1948 1041 si
1979 978 2184 1056 istud,
2230 999 2355 1062 qua
2392 999 2493 1041 ra·

996 1088 1174 1149 tione
1210 1085 1278 1146 in
1324 1081 1454 1145 ima
1488 1099 1836 1143 nemorum
1885 1077 1981 1142 sic
2024 1080 2490 1164 inscriptorum

995 1199 1202 1271 parte
1231 1184 1443 1248 notari
1487 1184 1699 1266 potuit
1755 1180 2043 1259 CONS„
2103 1180 2300 1243 etiam
2345 1183 2489 1265 ipso

996 1289 1214 1372 judice
1248 1300 1428 1350 certa
1459 1282 2054 1364 Constantinopolis
2077 1283 2277 1346 nota?
2323 1287 2490 1348 Con-

857 1399 868 1410 “
997 1406 1157 1468 stat,
1218 1410 1348 1474 quo
1401 1401 1702 1470 tempore
1753 1385 1916 1450 haec
1961 1384 2191 1448 Chlori
2231 1384 2490 1472 Helena

997 1505 1254 1556 mortua
1303 1504 1430 1565 est,
1489 1489 1635 1552 fere
1681 1486 1893 1550 adhuc
1944 1486 2144 1550 fuisse
2190 1487 2507 1573 ignotum.

997 1592 1589 1674 Constantinopolis
1633 1609 1896 1652 nomen.
1943 1588 2136 1659 Vnde
2172 1588 2488 1671 sequitur,

996 1715 1226 1759 numos
1288 1696 1486 1758 PAX.
1547 1692 1958 1768 PVBLtcA‚
2016 1704 2086 1754 et
2145 1691 2493 1778 SECVHI·

996 1802 1180 1862 TAS.
1242 1794 1811 1872 REIPVBLICE,
1871 1795 1938 1854 in
1993 1792 2226 1879 quibus
2276 1811 2487 1872 novae

994 1900 1183 1980 hujus
1226 1899 1405 1960 urbis
1447 1917 1687 1960 nomen
1733 1915 1928 1978 saepe
1976 1895 2249 1979 legitur,
2294 1894 2486 1976 hujus

995 2005 1291 2068 Helenae
1325 2021 1469 2062 esse
1499 2021 1629 2061 non
1664 2018 1894 2082 posse,
1942 1996 2059 2060 sed
2089 2017 2307 2079 neque
2340 2015 2486 2058 esse

994 2127 1190 2188 posse
1225 2085 1537 2165 Helenae'
1569 2101 1819 2182 Crispi,
1866 2120 2015 2162 cum
2061 2110 2130 2160 et
2179 2098 2288 2160 hic
2336 2113 2517 2162 ante,

991 2230 1231 2272 novum
1309 2204 1435 2266 hoc
1508 2222 1752 2266 nomen
1818 2201 2137 2284 Byzantio
2210 2199 2484 2263 inditum

995 2311 1168 2382 diem
1219 2304 1523 2375 obiverit,
1825 2355 1832 2358 .
2437 2295 2451 2324 ’“

1120 2413 1266 2473 Hoc
1307 2421 1529 2469 tamen
1576 2423 1708 2468 non
1759 2403 2057 2469 obstante
2100 2416 2251 2466 aunt
2290 2403 2486 2468 ratio·

991 2532 1110 2574 nes
1161 2531 1291 2574 non
1341 2505 1824 2593 aspernandae,
1878 2526 2042 2590 quae
2091 2515 2325 2568 numos
2369 2527 2487 2570 nu·

893 2600 907 2636 ³
989 2633 1177 2677 mero
1209 2617 1259 2675 -1.
1312 2612 1557 2694 positos
1593 2611 1893 2673 Helenae
1931 2607 2160 2674 Chlori
2202 2609 2485 2672 vindica-

986 2738 1063 2779 re
1117 2717 1451 2793 videntur,
1498 2734 1573 2778 ae
1616 2717 1666 2776 1.
1715 2709 1977 2797 quidem
2025 2712 2090 2773 in
2143 2712 2274 2775 illis
2326 2712 2485 2776 diei·

987 2835 1094 2881 tur
1134 2824 1367 2882 Flavia
1395 2823 1612 2894 Iulia,
1653 2834 1817 2899 quae
1861 2815 1923 2878 ei
1969 2816 2171 2879 fuisse
2217 2817 2483 2879 nomina

987 2923 1182 2985 docet
1214 2934 1502 2983 marmor
1530 2918 1799 2981 Gruteri
1829 2918 1914 2998 ⁸).
1974 2918 2057 2981 11.
2100 2920 2172 2978 In
2208 2918 2308 2979 his
2346 2932 2483 2980 tan-

988 3041 1120 3088 tum
1160 3023 1372 3084 numis
1412 3035 1608 3085 notae
1651 3021 1719 3082 in
1763 3020 1897 3083 imo
1937 3019 2186 3102 positae
2226 3020 2479 3105 conspi-

983 3140 1132 3189 rant:
1186 3144 1334 3187 cum
1388 3124 1505 3203 iis,
1578 3142 1746 3209 quae
1806 3124 1875 3182 in
1929 3121 2355 3184 Constantini
2383 3123 2475 3183 M.

984 3242 1244 3290 moneta
1306 3227 1776 3299 observantur,
1852 3237 1920 3289 et
1973 3223 2348 3307 discrepant
2396 3224 2477 3285 ab

980 3332 1093 3407 iis,
1158 3352 1314 3415 quas
1371 3329 1603 3391 Iuliani
1666 3340 1925 3390 moneta
1981 3325 2273 3391 exhibet.
2363 3327 2479 3390 111.

980 3434 1342 3496 Plurimum
1382 3431 1659 3515 'probant
1697 3430 1938 3494 conlati
1973 3450 2117 3494 cum
2156 3430 2257 3491 his
2301 3428 2476 3492 The·

983 3536 1246 3607 odorae,
1289 3534 1503 3609 numi,
1577 3553 1744 3617 quae
1799 3532 1925 3595 fuit
1982 3534 2191 3596 altera
2244 3531 2475 3594 Chlori

980 3659 1167 3701 uxor.
1216 3634 1547 3699 Simillimi
1580 3636 1754 3697 enim
1793 3634 1970 3698 inter
2002 3656 2073 3698 se
2108 3647 2287 3719 sunt,
2334 3634 2474 3700 sive

978 3739 1293 3803 fabricam
1352 3750 1640 3819 spectes,
1699 3736 1837 3802 sive
1893 3738 2236 3810 volumen,
2268 3740 2474 3819 (nam

980 3840 1241 3922 utrique
1279 3851 1428 3901 sunt
1465 3838 1654 3900 aenei
1689 3841 1800 3907 lv.
1851 3840 2134 3921 formae)
2180 3840 2319 3904 sive
2359 3859 2478 3902 no-

979 3955 1074 4005 tas
1127 3932 1206 4000 in*
1247 3940 1381 4003 imo
1431 3940 1823 4021 collocatas,
1885 3940 2030 4003 aive
2085 3942 2477 4005 enunciandi

977 4042 1244 4109 modum
1324 4040 1824 4106 insolentiorem
1893 4042 1960 4104 in
2032 4043 2230 4107 dandi
2299 4064 2470 4119 casu,

976 4164 1217 4229 nempe
1255 4146 1322 4207 in
1357 4144 1459 4207 his
1491 4145 1952 4221 HELENAE,
1997 4146 2064 4206 in
2093 4145 2226 4209 illis
2264 4148 2476 4208 THE-

982 4247 1393 4324 ODORAE‚
1474 4269 1639 4334 quae
1706 4248 1921 4312 omnia
1986 4247 2266 4312 collecta
2328 4269 2478 4312 ean-

985 4350 1135 4415 dem
1176 4366 1608 4437 utrorumque
1648 4364 1924 4415 aetatem
1961 4363 2261 4434 arguunt.
2309 4354 2472 4416 Cum

985 4474 1149 4537 ergo
1193 4468 1441 4521 certum
1491 4456 1604 4532 ait,
1652 4451 2048 4518 Theodorae
2081 4473 2315 4519 numos
2360 4455 2477 4516 im-

984 4570 1256 4643 perante
1292 4557 1714 4622 Constantino
1747 4560 1839 4621 M.
1874 4557 2197 4642 signatos,
2239 4554 2472 4620 eadem

1068 4776 1130 4846 a)
1174 4773 1308 4851 Pag.
1348 4783 1476 4839 284.
1521 4787 1571 4836 1.

1771 4771 1843 4849 b)
1877 4740 2257 4873 viacense.
2295 4775 2360 4837 1..
2400 4773 2503 4836 111.
2545 4792 2597 4834 c.
2632 4780 2724 4838 ιη.

2006 486 2499 562 HELENA
2581 488 3085 564 IVLIANI.

2609 674 2800 733 etiam
2882 687 3056 736 aetas
3136 670 3288 735 huic
3366 673 3663 737 Helenae
3745 647 4089 744 nemorum

2607 774 2801 840 classi
2846 772 3208 838 tribuenda.
3242 777 3370 839 'Ast
3416 797 3583 861 quo,
3628 779 3936 863 inquies,
3966 804 4099 847 mo·

2607 874 2693 938 do
2752 875 3244 955 difficultatem,
3308 898 3498 961 quam
3553 891 3693 943 tute
3750 882 3891 963 ipse
3936 885 4098 945 Ban·
4200 945 4207 948 .

2606 978 2799 1042 durio
2833 977 3196 1059 objeceras,
3230 981 3447 1057 tolles,
3477 1001 3716 1062 nempe
3745 1005 3814 1044 το
3848 983 4096 1050 CONS.

2607 1080 2711 1142 his
2757 1100 3019 1166 quoque
3064 1082 3276 1143 numia
3322 1081 3757 1165 inscriptum?
3803 1087 3900 1149 Ea
3943 1108 4093 1150 sane
4132 1105 4141 1108 ’

2604 1181 2800 1245 aliter
2843 1179 3141 1266 expediri
3184 1184 3440 1268 nequit,
3499 1206 3690 1270 quam
3738 1187 4099 1262 statuendo,

2606 1302 2721 1346 eos
2787 1284 2852 1344 in
2914 1297 3213 1347 mortuae
3277 1286 3661 1349 memoriam
3702 1310 3742 1351 a
3788 1292 4097 1354 Constan-

2605 1385 2743 1447 tino
2803 1385 3123 1472 signatos,
3186 1383 3359 1469 quod
3402 1379 3438 1450 a
3484 1410 3648 1455 vero
3692 1412 4096 1476 nequaquam
4136 1369 4151 1382 x

2605 1485 2952 1564 abhorret,
3038 1485 3190 1572 quin
3273 1501 3340 1551 et
3414 1488 3750 1555 luculento
3827 1494 4100 1558 Eusebii

2608 1588 2981 1652 testimonio
3052 1587 3309 1670 juvatur
3369 1592 3720 1670 narrantis,
3790 1593 4103 1659 Constan-
4184 1599 4197 1608 '

2606 1690 2728 1752 tini
2783 1690 2964 1773 jussu
3023 1710 3257 1754 numos
3316 1714 3553 1757 aureos
3610 1715 3754 1757 cum
3814 1697 4098 1782 imagine

2604 1792 2831 1858 matris
2875 1792 3175 1856 Helenae
3221 1812 3412 1858 cusos
3444 1793 3548 1878 b),
3595 1819 3953 1884 quanquam
4015 1807 4104 1865 vi-

2603 1892 2836 1957 deatur
2893 1915 3150 1957 errasse
3184 1895 3273 1977 *in
3331 1898 3814 1981 promulgando
3870 1905 4101 1966 metal-

2603 1998 2702 2073 lo,
2748 2019 2893 2060 nam
2941 1998 3258 2060 hactenus
3302 1997 3370 2059 id
3417 2021 3623 2082 genus
3663 2024 3898 2066 aureus
3936 2027 4101 2067 non·

2584 2098 2756 2186 ’dum
2802 2115 3206 2184 compertus.
3259 2101 3438 2164 Idem
3486 2119 3706 2166 narrat
3751 2105 4107 2191 Theopha-

2600 2223 2720 2265 nes
2752 2206 2845 2283 c),
2886 2202 3003 2265 sed
3048 2224 3396 2287 suppressa
3442 2205 3691 2271 metalli
3736 2212 4102 2273 mentione.

2506 2307 2517 2314 ”
2601 2306 2690 2367 At
2718 2317 3177 2388 ‘argumentum
3228 2306 3327 2368 his
3367 2308 3575 2370 multo
3612 2310 3930 2372 valentius
3971 2313 4107 2374 suf-

2598 2405 2735 2476 ficit
2775 2407 3056 2471 formula
3100 2407 3764 2475 HELENAE·‹1andi
3820 2416 3995 2475 casu'
4038 2414 4106 2474 in

2596 2509 2698 2571 his
2747 2508 2960 2572 numia
3014 2525 3351 2596 concepta.
3416 2513 3769 2590 Novimus,
3813 2513 3974 2575 inde
4024 2516 4109 2578 ab

2552 2642 2562 2654 ·
2595 2614 2871 2697 Augusti
2903 2626 3113 2677 aetate
3148 2613 3213 2674 in
3251 2613 3497 2692 numia,
3546 2617 3656 2701 qui
3699 2616 3765 2676 in
3808 2631 4112 2680 mortuo-

2597 2734 2742 2777 rum
2784 2714 3164 2778 memoriam
3206 2714 3344 2779 cusi
3391 2730 3568 2793 sunt,
3620 2718 3899 2785 valuisse
3950 2718 4117 2781 dan-

2598 2815 2663 2879 di
2701 2839 2954 2894 casum,
3000 2832 3195 2901 atque
3233 2816 3319 2880 ob
3370 2818 3644 2884 eandem
3691 2822 3958 2886 causam
4002 2843 4119 2885 ve·

2594 2918 2869 2983 risimile
2922 2935 3063 2997 est,
3109 2919 3505 2984 Theodorae
3558 2942 3817 3005 quoque
3858 2906 4118 2988 numos
4176 2929 4199 2943 ⁹

2590 3035 2744 3105 post
2775 3021 2966 3105 hujus
3008 3034 3289 3084 mortem
3330 3023 3532 3087 fuisse
3572 3046 3956 3108 percussos.
4006 3029 4117 3088 Ex

2594 3125 2696 3185 his
2742 3144 2942 3207 ergo,
3005 3144 3169 3209 quae
3228 3126 3426 3189 modo
3489 3125 3848 3209 disputavi,
3917 3128 4124 3193 dubi·

2592 3238 2734 3291 tare
2780 3226 2887 3290 vix
2932 3226 3121 3303 lieet,

2713 3349 2978 3391 numum
3010 3333 3063 3395 1.
3115 3350 3199 3395 ex
3224 3329 3576 3414 propositis
3608 3350 3753 3395 esse
3783 3333 4118 3397 Helenae

2592 3430 2843 3497 Chlori.
3248 3498 3251 3501 .

2716 3536 2969 3598 Numus
3013 3532 3089 3596 11.
3149 3533 3500 3617 inscriptus
3545 3532 3906 3600 PIETAS.
3959 3538 4131 3604 Ro-

2589 3634 2841 3699 MANA
2897 3633 3069 3696 haud
3122 3632 3316 3697 dubie
3371 3636 3561 3698 etiam
3617 3638 3746 3700 erit
3793 3639 4135 3722 ejusdem

2588 3738 2889 3801 Helenae
2952 3735 3218 3813 Chlori,
3295 3736 3529 3820 partim
3594 3740 3743 3823 quia
3811 3743 4130 3806 eandem

2588 3840 2788 3903 habet
2846 3838 3070 3919 capitis
3134 3838 3576 3922 epigraphen,
3640 3842 3890 3923 partim
3961 3844 4134 3931 quia

2591 3936 2820 4006 eadem
2878 3961 3106 4004 aversa
3150 3954 3249 4003 est
3309 3943 3500 4005 etiam
3546 3944 3612 4004 in
3660 3941 3884 4007 obviis
3939 3947 4133 4029 ejus·

2591 4043 2744 4109 dem
2790 4043 3184 4107 Theodorae
3228 4046 3463 4110 numia.

2716 4148 2966 4209 Nemus
2993 4147 3102 4213 lv.
3149 4165 3408 4231 quoque
3444 4146 3735 4229 ejusdem
3775 4149 3928 4211 erit
3968 4170 4139 4216 cum

2588 4248 3136 4334 praecedentibus
3211 4248 3545 4327 Helenae,
3633 4269 3782 4347 nalm
3877 4252 4145 4319 endem
4252 4254 4259 4261 ”

2590 4374 2851 4429 aversa,
2898 4366 2966 4417 et
3000 4350 3067 4413 in
3105 4352 3316 4413 numis
3352 4370 3613 4436 quoque
3655 4352 3950 4418 maximi
3990 4376 4144 4420 mo·-

2590 4454 2733 4517 duli
2787 4454 3122 4538 reperitur
3176 4455 3242 4515 in
3298 4467 3561 4518 moneta
3611 4454 3957 4533 Faustae,
4027 4460 4146 4524 cui

2590 4556 2704 4620 illa
2738 4570 2747 4577 ‘
2779 4554 3088 4622 convixit.
3142 4555 3451 4641 ¹varians
3528 4554 3755 4639 capitis
3846 4559 4153 4646 epigra-

2923 4775 2986 4847 c)
3023 4771 3090 4833 in
3128 4769 3646 4850 chronographia.
