4388 5576
956 509 1105 580 3814

2202 480 2597 560 CAPVT
2677 477 2813 558 IX.

890 729 894 735 .
972 693 1135 741 vero
1176 670 1332 736 alias
1350 668 1599 734 dictare
1632 639 1819 751 leges
1851 684 2082 730 numos
2115 665 2364 750 probos
2396 685 2472 729 ae
2584 665 2818 729 Dionis
2881 659 3083 726 verba
3149 657 3424 744 egregie
3498 655 3842 723 confirmat
3914 678 4085 722 mar·

975 772 1334 860 genuinos,
1406 787 1547 837 tum
1609 783 1677 835 et
1729 787 2086 862 marmora,
2145 788 2313 852 quae
2358 789 2490 851 pu0„

974 875 1183 952 blica,
1255 893 1334 940 ac
1395 875 1752 961 praecipue
1831 875 2126 936 Romana
2193 864 2478 938 auotori-

859 1031 864 1043 ,
923 993 1073 1044 otas
1117 975 1401 1060 incidit,
1442 990 1511 1040 et
1551 977 1804 1062 peritus
1857 973 2087 1039 oculus
2143 972 2350 1056 legit,
2408 987 2492 1044 et„

973 1080 1044 1142 in
1083 1076 1528 1148 membranam
1575 1076 1922 1146 transtulit.
2010 1075 2323 1159 Singulos
2366 1074 2489 1149 dez

976 1178 1134 1244 inde
1174 1163 1445 1258 n'umos,
1489 1180 1723 1267 quibus
1753 1178 2051 1252 nituntur
2095 1178 2486 1256 adversarii„
2537 1225 2549 1248 ‚-

938 1307 943 1315 ·
977 1281 1064 1342 in'
1096 1280 1410 1364 judicium
1445 1295 1670 1359 vocat,
1716 1301 1947 1346 eorum
1989 1280 2225 1346 malam
2274 1280 2476 1345 fidem

982 1382 1418 1462 demonstrat,
1471 1385 1684 1470 iisque
1735 1405 1966 1465 veros,
2021 1400 2090 1452 et
2151 1386 2333 1450 omni
2374 1405 2484 1454 su·.

920 1511 931 1516 ’
979 1486 1272 1572 spinione
1312 1485 1563 1576 liber-oss
1614 1488 1907 1574 opponit.
1993 1493 2288 1553 Necesse
2343 1506 2477 1551 non

924 1619 931 1624 ·
981 1588 1327 1666 existimo,
1389 1587 1645 1673 singula
1685 1590 1812 1659 viri
1856 1593 2244 1673 praestantis
2287 1612 2479 1676 argu·

978 1701 1199 1754 menta
1270 1688 1787 1769 transscribere,
1887 1695 2037 1779 quia
2073 1692 2079 1696 ’
2110 1696 2476 1777 generatim

977 1792 1396 1856 verissimum
1459 1805 1592 1867 est,
1669 1794 1883 1857 omnia
1947 1795 2478 1866 adversariorum

979 1908 1401 1958 monumenta
1437 1907 1779 1979 suspectae
1830 1901 1975 1961 e‘sse
2009 1897 2201 1972 fidei,
2261 1911 2328 1964 et
2371 1919 2480 1961 au·

977 1996 1331 2070 (ueritatis,
1404 2008 1473 2058 et
1515 1998 1660 2080 ipse
1712 1999 1864 2060 satis
1912 2001 2149 2081 partim
2205 1999 2271 2060 in
2315 2001 2481 2064 Pro—

979 2097 1347 2182 legomenis
1392 2095 1477 2162 ad
1518 2119 1754 2161 numos
1792 2102 2280 2183 Augustorum,
2336 2123 2484 2185 par·

980 2200 1100 2262 tim
1142 2202 1208 2262 in
1265 2213 1544 2264 tractatu
1603 2201 1685 2263 de
1749 2201 2094 2266 tribunicia
2152 2199 2481 2287 potestate

979 2299 1445 2383 comprobavi,
1492 2322 1683 2385 quam
1738 2303 2043 2368 miseram
2087 2326 2361 2370 neeesse
2400 2308 2486 2371 sit

977 2400 1164 2464 exire
1215 2401 1595 2478 historiam,
1660 2424 1826 2486 quae
1861 2404 2053 2486 hujus
2101 2406 2344 2470 indolis
2388 2422 2484 2471 te-

938 2503 1304 2567 -stimoniis
1361 2503 1610 2568 nititur.
1701 2504 1834 2597 Qui
1898 2508 2175 2590 amplius
2246 2511 2482 2574 instrui

964 2606 1192 2689 eupit,
1256 2604 1447 2670 adeat
1501 2606 1714 2689 ipsum
1758 2610 2052 2672 Bimardi
2119 2614 2478 2676 oraculum.

977 2709 1214 2792 Neque
1276 2707 1488 2771 minus
1549 2710 1761 2784 solide
1805 2708 1860 2772 is
1921 2710 2175 2773 refellit
2218 2729 2480 2788 senten·

900 2810 901 2813 ’
972 2810 1166 2884 tiam,
1213 2810 1325 2892 qui
1373 2800 1688 2887 sanxere,
1750 2832 1788 2874 a
1822 2811 2161 2877 veteribus
2202 2835 2332 2876 non
2373 2837 2478 2883 ,ra-

973 2931 1056 2975 ro
1114 2911 1246 2975 dici
1321 2910 1713 2993 simpliciter
1776 2915 2162 2999 pontifices,
2228 2917 2338 3000 qui
2398 2937 2476 2981 re

973 3013 1114 3096 ipsa
1162 3013 1355 3077 fuere
1405 3012 1750 3097 pontifices
1795 3018 2097 3094 maximi,
2145 3020 2323 3104 quod
2353 3018 2478 3082 sibi

974 3118 1330 3223 praecipue
1407 3116 1825 3200 probandum
1913 3121 2186 3205 sumpsit
2263 3126 2477 3209 Cupe-

972 3239 1086 3281 rus
1119 3219 1202 3301 ⁸).
1288 3218 1613 3307 Namsetsi
1641 3242 2103 3307 nonnunquam
2140 3224 2234 3287 sio
2269 3223 2477 3287 locuti

971 3322 1222 3387 suerint
1254 3310 1571 3400 historici,
1616 3324 1860 3409 aliique
1896 3327 2291 3410 scriptores,
2338 3348 2473 3392 non

970 3436 1212 3503 tamen,
1244 3439 1355 3489 aut
1392 3425 1615 3505 numi,
1661 3437 1773 3491 a‘ut
1817 3447 2145 3493 marmora
2175 3429 2471 3493 incorru-

965 3536 1100 3609 pta.
1184 3527 1357 3600 Vide
1413 3529 1738 3595 laudatam
1808 3529 2340 3597 dissertationem
2400 3552 2469 3616 p.

967 3630 1417 3797 3775edimm
1448 3753 1641 3817 supra
1669 3733 1901 3799 Dionis
1933 3733 2151 3800 locum
2174 3781 2191 3813 ,
2235 3736 2302 3799 in
2338 3718 2482 3821 quo‘

970 3834 1412 3928 imperatores
1474 3834 1780 3899 dicuntur
1848 3838 2146 3900 omnibus
2207 3858 2488 3924 semper.
2524 3892 2538 3900 ,

966 3932 1358 4000 sacerdotiis
1426 3935 1633 4000 fuisse
1692 3937 2094 4020 inaugurati,
2156 3954 2231 4003 ut
2301 3940 2471 4005 adeo

971 4056 1103 4107 una=
1120 4048 1344 4100 essent
1381 4051 1447 4101 et
1464 4035 1809 4122 pontifices
1840 4041 2139 4117 maximi,
2184 4057 2253 4106 et
2284 4065 2474 4128 prae·

972 4152 1173 4213 terea,
1188 4139 1568 4225 pontifices,
1616 4161 1903 4226 augures
1923 4188 1941 4219 ,
1983 4144 2236 4215 XVviri
2265 4149 2468 4215 sacris

969 4238 1326 4325 faciundis,
1372 4256 1443 4309 et
1465 4245 1717 4335 Vllviri
1749 4246 2101 4332 epulonum
2127 4295 2145 4326 ,
2205 4251 2289 4315 de
2328 4253 2470 4337 qui-

967 4345 1090 4413 bus
1135 4346 1294 4414 solis
1352 4342 1633 4433 quatuor
1692 4350 2031 4432 conlegiis.
2077 4350 2230 4417 vide
2276 4357 2471 4420 Nori-

969 4450 1137 4519 sium
1167 4449 1268 4533 1²),
1309 4463 1449 4517 tum
1470 4466 1540 4518 et
1567 4474 1801 4517 numos
1833 4454 2119 4520 Neronis
2145 4459 2466 4525 Caesaris.

1034 4683 1095 4756 a)
1134 4679 1271 4755 Not.
1310 4682 1374 4740 in
1409 4683 1679 4744 Laetant.
1718 4684 1795 4746 de
1830 4661 2002 4745 mort.
2040 4705 2271 4765 pei-see.
2319 4716 2322 4717 ⁷

964 4770 1256 4833 muratori
1291 4791 1430 4855 pag.
1467 4784 1611 4849 223,
1647 4777 1703 4843 6.
1740 4760 1753 4779 ‘
1852 4775 1923 4852 d)
1960 4776 2172 4841 1..XL.
2215 4797 2265 4840 c.
2302 4787 2398 4845 42.

2418 4688 2501 4764 b).
2528 4690 2737 4752 Cenot.
2778 4688 2924 4750 diss.
2963 4687 3036 4750 11.
3078 4707 3126 4750 c.
3142 4698 3194 4755 5.

2589 787 2736 830 mor
2753 765 3219 830 Gruterianum
3254 762 3535 827 dicatum
3568 751 3843 825 Tiberio
3874 759 4088 836 PON-

2591 869 2760 933 TIF.
2806 871 3019 937 MAX.
3066 865 3424 938 AVGVffl.
3475 862 3845 934 XVVIRO.
3891 865 3962 933 S.
4003 864 4081 928 F.

2588 972 2952 1045 vnvmo.
3012 967 3400 1038 EPVLON.
3451 971 3513 1052 c)
3570 980 3645 1032 ut
3717 967 3883 1057 adep
3951 987 4083 1032 non

2593 1077 2806 1141 solum
2845 1075 3012 1142 tales
3056 1086 3313 1154 essent,
3352 1073 3472 1136 sed
3524 1084 3592 1134 et
3621 1089 4084 1155 nonnunquam

2592 1181 2661 1254 in
2688 1176 3127 1264 monumentis
3159 1174 3442 1268 publicis
3486 1173 4087 1257 promulgarentur.
4137 1155 4143 1162 ’

2590 1284 2665 1345 In
2703 1280 2918 1344 numia
2964 1283 3411 1365 Augustorum
3461 1280 3687 1362 (aliter
3720 1296 3793 1341 se
3831 1295 3946 1340 res
3979 1274 4090 1340 ha·
4197 1291 4206 1302 '

2591 1384 2711 1449 het
2743 1385 2812 1446 in
2839 1384 3054 1447 numia
3087 1386 3473 1461 Caesarum,
3519 1380 3604 1446 de
3639 1379 3873 1467 quihus
3901 1379 4085 1461 mox)

2545 1517 2549 1521 ·
2594 1487 2810 1553 omnia
2839 1485 3002 1549 haee
3041 1485 3345 1570 conlegia
3375 1505 3705 1570 nunquam
3740 1481 4091 1550 enuncian-

2595 1603 2722 1654 tur.
2810 1590 3060 1654 Tamen
3110 1590 3413 1655 nonnulli
3445 1587 3725 1672 Augusti
3773 1586 3841 1649 in
3872 1583 4089 1648 numia

2594 1707 2942 1776 auguratus
2962 1713 3222 1778 quoque
3243 1692 3638 1756 mentionem
3671 1691 3920 1754 fecere.
3962 1689 4091 1752 Le·

2595 1796 2773 1879 gitur
2806 1795 2880 1857 in·
2913 1796 3125 1859 numis
3162 1795 3535 1881 Caligulam
3580 1793 3843 1857 PONT.
3876 1790 4087 1860 Max,

2592 1898 2796 1973 AVG,
2828 1898 3062 1961 additis
3091 1898 3409 1981 simpulo,
3455 1912 3523 1960 et
3550 1896 3753 1973 lituo,
3798 1891 4086 1959 Claudii:

2592 2001 2666 2061 P.
2685 2003 2776 2062 M.
2795 2000 3104 2068 AVGVR
3125 2045 3141 2077 ,
3162 1992 3592 2084 Vespasiani,
3634 2010 3702 2061 et
3730 1997 3898 2062 Titi:
3941 1995 4091 2063 AV·

2594 2102 2798 2170 GVR.
2822 2105 2993 2166 ΤΗΙ.
3029 2102 3232 2167 ΡΟΤ.
3320 2100 3492 2173 Vide
3515 2147 3531 2177 ‚
3579 2120 3743 2184 quae
3773 2100 3842 2160 in
3874 2098 4091 2183 singu·

2596 2205 2679 2268 lis
2712 2206 3099 2273 notavimus.
3176 2208 3487 2270 Ceterum
3517 2218 3817 2281 constat,
3880 2199 4088 2264 adhue

2597 2321 2806 2372 stante
2828 2329 2969 2392 rep.
2989 2309 3180 2392 plura
3213 2308 3337 2373 alia
3364 2304 3731 2373 sacerdotia
3765 2325 3910 2369 cum
3933 2321 4092 2385 pon-

2595 2411 2843 2474 tificatu
2875 2432 3044 2477 max.
3074 2410 3276 2473 fuisse
3315 2409 3680 2492 conjuncta.
3726 2411 3860 2469 Iam
3887 2402 4087 2466 lulius

2596 2514 2835 2575 Caesar
2853 2513 2918 2574 in
2939 2513 3152 2574 numis
3173 2511 3439 2574 dicitur:
3475 2509 3798 2579 AVGVR.
3822 2504 4085 2569 PONT.
4211 2494 4224 2508 ⁶

2594 2615 2809 2678 MAX.
2827 2661 2845 2693 ,
2880 2628 2946 2678 et
2962 2615 3188 2681 Livius
3220 2613 3318 2698 d)=
3369 2619 3573 2676 Exitu
3595 2616 3756 2675 anni
3768 2622 3833 2674 et
3855 2614 3915 2672 O.
3941 2609 4088 2670 Ser-

2592 2720 2794 2780 vilius
2834 2722 3142 2781 Geme'nus
3167 2720 3471 2800 pontefex
3516 2719 3844 2778 maximus
3880 2715 4091 2772 deces-

2591 2821 2718 2896 sit;
2763 2824 2930 2883 idem
2961 2823 3128 2883 Xvs‘r
3157 2840 3483 2884 sacrorum
3495 2821 3653 2899 fuit.
3696 2818 4002 2895 Pontifex
4018 2814 4088 2873 ia

2590 2925 2800 2985 Iocum
2830 2928 2973 3000 ejus
3000 2945 3044 2985 a
3060 2925 3332 3004 collegio
3366 2931 3697 3002 cooptatus
3718 2929 3816 2982 ese
3847 2921 3920 2995 Q.
3944 2916 4089 2977 Ful-

2589 3028 2737 3085 vius
2757 3027 3027 3087 Flaccus
3041 3066 3057 3097 ‚
3103 3034 3177 3085 at
3193 3025 3500 3104 pontifex
3517 3025 3840 3084 maximus
3863 3023 3949 3081 M.
3964 3023 4089 3083 Ae-

2588 3129 2810 3209 milius
2826 3128 3106 3203 Lepidus
3124 3168 3144 3199 ,
3187 3135 3253 3185 et
3270 3127 3437 3186 Xvir
3465 3141 3794 3187 sacrorum
3821 3123 3895 3198 Q.
3913 3122 4085 3189 Mar<-

2588 3230 2730 3289 cius
2766 3229 3125 3306 Philippus.

3156 3369 3196 3410 ὓ
3323 3322 3363 3361 ῃ
3488 3369 3528 3407 {t

2712 3426 2992 3511 Augusti
3037 3447 3190 3490 suos
3234 3426 3372 3490 sive
3423 3438 3692 3503 natura,
3748 3421 3888 3488 sive
3932 3420 4087 3486 ado·

2585 3530 2812 3615 ptione
2870 3528 3045 3593 filios
3105 3530 3326 3613 aliquo
3385 3548 3653 3611 semper
3712 3524 4087 3609 sacerdotio

2586 3650 3035 3708 exornavere,
3095 3654 3171 3696 ao
3212 3632 3493 3717 primum
3551 3627 3818 3715 quidem
3863 3630 4090 3712 Augu·

2586 3748 2723 3801 stus
2783 3746 3060 3820 nepotes
3121 3733 3345 3817 Cajum
3407 3728 3475 3797 et
3517 3732 3825 3809 Lucium,
3886 3730 4086 3796 'ribe-

2585 3838 2724 3903 rius
2767 3840 2976 3903 filium
3018 3837 3343 3921 Drusum,
3398 3835 3673 3899 subinde
3717 3836 4086 3911 Neronem,

2543 3928 2554 3947 ‘
2586 3954 2653 4009 et
2678 3942 2968 4004 Drusum
2997 3938 3375 4005 Germanici
3403 3940 3679 4004 liberos.
3761 3935 3935 4008 Vide
3963 3919 4093 3999 hoss

2583 4066 2735 4110 rum
2801 4042 3087 4108 omnium
3150 4064 3406 4110 numos.
3493 4047 3742 4106 Tamen
3804 4037 3876 4101 hi
3949 4055 4089 4101 uno

2584 4150 2881 4214 alterove
2917 4146 3287 4213 sacerdotio
3320 4146 3514 4209 fuere
3539 4122 3863 4216 eontenti.
3949 4142 4091 4210 Ve-

2581 4273 2730 4316 rum
2804 4249 3112 4316 Claudius
3184 4246 3513 4336 permovit
3588 4259 3926 4321 senatum,
4011 4256 4094 4305 ut

2581 4346 2920 4418 Neronem
2965 4376 3003 4419 a
3044 4352 3530 4434 se'adoptatum
3577 4347 3648 4410 in
3707 4343 3928 4408 omnia
3981 4362 4093 4407 sa·

2583 4452 2927 4524 cerdotum
2972 4453 3277 4539 conlegia
3319 4473 3514 4538 supra
3572 4466 3922 4512 numerum
3967 4463 4092 4511 co·

3347 4688 3411 4761 c)
3447 4685 3584 4765 Pag.
3622 4693 3767 4753 235,
3810 4692 3897 4742 ιο.
3939 4679 4094 4739 item
