4388 5576
1184 424 1331 498 DE
1415 423 1778 516 NvMIs
1872 410 2084 500 1NF.
2169 423 2471 497 Assvt.

3228 450 3366 511 511

292 610 602 675 Eruditus
648 612 755 676 hic
788 614 931 691 vir,
976 623 1047 675 ut
1072 611 1458 696 conquisitis
1490 610 1775 696 undique
1890 624 2065 684 tum,
2108 623 2480 692 nomenque
2532 607 2725 673 solidi
2771 609 3026 673 nonnisi
3068 611 3376 676 Constan-

295 734 681 778 coaevorum
706 715 1776 797 scriptorumtestimoniisomnem
1893 715 2008 774 tini
2078 715 2165 774 M.
2225 725 2434 774 aetate
2494 713 2560 770 in
2621 733 2805 773 usum
2862 728 3240 795 receptum,
3310 727 3376 778 at
3494 777 3497 780 Α

296 813 611 898 impendit
653 836 919 900 operam
976 818 1054 879 ad
1092 816 1541 901 explicandam
1596 829 1784 877 recte

297 918 504 979 librae
539 919 860 980 rationem
885 963 902 995 ,
961 932 1267 1003 quantum
1308 939 1384 980 ea
1423 916 1785 980 solidorum

296 1038 638 1084 nnmerum
685 1020 987 1094 dederit,
1051 1041 1218 1103 quae
1277 1019 1480 1083 fuerit
1540 1019 1787 1080 metalli

296 1123 486 1183 unius
547 1121 628 1185 ad
687 1121 864 1194 aliud
919 1124 1123 1197 ratio,
1181 1135 1247 1182 et
1288 1140 1471 1203 ,quae
1530 1132 1678 1182 sunt
1718 1117 1789 1179 id

298 1207 504 1308 genus
567 1223 720 1296 alia,
785 1223 1116 1285 fatendum
1176 1238 1391 1283 tamen
1436 1235 1573 1296 est,
1637 1239 1789 1282 eum

298 1326 563 1387 illorum
612 1344 832 1398 more,
892 1327 1005 1407 qui
1047 1342 1471 1406 praecessere
1501 1367 1518 1398 ,
1582 1342 1793 1404 gram·

299 1426 605 1487 maticum
667 1426 872 1505 magis
935 1424 1188 1507 egisse,
1255 1445 1446 1507 quam
1509 1423 1792 1501 antiqua-

300 1529 490 1603 rium,
523 1526 823 1607 neglecta
855 1527 1112 1607 penitus
1134 1526 1537 1608 quaestione,
1574 1538 1791 1585 utrum

302 1628 442 1706 eius
492 1625 749 1711 periodi
799 1643 1058 1690 moneta
1120 1640 1294 1695 tanto
1351 1644 1629 1686 numero
1678 1624 1792 1685 ho·

302 1729 542 1812 dicque
580 1745 911 1813 superstes
956 1748 1102 1791 cum
1142 1727 1432 1809 legibus,
1506 1748 1663 1809 quas
1697 1723 1793 1786 di·

299 1844 620 1906 ctaverat‚
710 1829 1077 1911 conspiret,
1148 1832 1345 1915 ‘quod
1433 1842 1648 1890 tamen
1725 1827 1793 1903 ii,

304 1934 412 2015 qui
454 1932 597 1995 arti
656 1932 1141 1993 numismaticae
1215 1946 1490 2017 propter
1558 1949 1793 1991 numos

301 2035 479 2119 ipsos
513 2033 663 2094 dant
692 2052 956 2114 operam
979 2076 995 2106 ‚
1043 2034 1420 2114 cumprimis
1452 2051 1646 2093 nosse
1685 2053 1794 2093 cu-

270 2136 506 2218 ,piunn
594 2135 666 2196 Si
706 2146 922 2215 potest
956 2132 1116 2194 haec
1168 2147 1468 2195 monetae
1520 2154 1666 2194 cum
1704 2133 1796 2194 le·

281 2235 494 2318 gibus
532 2227 885 2306 concordia
927 2234 1261 2315 reperiri,
1322 2256 1440 2298 cur
1493 2256 1632 2296 eam
1670 2256 1789 2296 nos

303 2337 545 2399 docere
582 2327 925 2419 negligunt
963 2335 1245 2396 eruditi?
1309 2337 1405 2396 sin
1449 2337 1626 2397 numi
1669 2337 1794 2418 ipsi

301 2438 482 2499 vario
526 2457 680 2509 suo,
760 2458 833 2498 ac
874 2438 1142 2498 nimium
1195 2437 1581 2520 ‹livet-gente
1637 2459 1795 2520 pon-

305 2539 467 2600 dere
515 2558 644 2598 non
701 2537 895 2599 modo
947 2538 1105 2599 latas
1155 2539 1342 2620 leges
1390 2541 1791 2623 perturbant,

302 2641 419 2702 sed
453 2641 844 2723 plerumque
879 2639 1088 2722 palam
1135 2641 1413 2716 violant,
1458 2664 1621 2724 quae
1660 2657 1792 2706 tan-

295 2755 361 2804 ta
390 2755 609 2827 potest
658 2761 807 2805 esse
840 2742 995 2805 artis
1039 2757 1299 2806 nostrae
1332 2744 1639 2808 studiosis
1671 2747 1791 2810 sci·

298 2846 511 2906 entiae
546 2864 867 2927 operosae
890 2890 905 2919 ‚
950 2867 1311 2930 parumque
1346 2846 1467 2908 sibi
1502 2847 1581 2909 sd
1620 2869 1792 2910 snm-

224 3012 227 3019 ,
299 2965 467 3007 mam
497 2948 881 3027 profuturae
917 2947 1208 3009 utilitas?
1291 2947 1554 3010 Omisso
1591 2950 1789 3032 igitur

299 3048 480 3107 omni
530 3049 595 3106 in
646 3050 808 3112 haec
856 3048 1229 3130 inquirendi
1267 3063 1501 3111 conatu
1542 3050 1623 3111 de
1656 3071 1788 3112 uno

301 3151 547 3222 solido,
591 3170 787 3210 numo
828 3149 967 3227 ejus
1016 3149 1163 3210 aevi
1197 3150 1523 3231 principe,
1567 3153 1791 3213 variis-

300 3266 428 3329 que
465 3250 833 3311 nominibus
856 3264 1155 3311 monetae
1179 3261 1311 3311 tum
1348 3249 1565 3311 inditis
1587 3270 1803 3336 agere⁶

297 3349 588 3411 instituo.

427 3450 725 3513 SOLIDI
751 3451 1171 3533 praecipuum
1210 3451 1422 3535 fuit-in
1454 3474 1530 3515 re
1566 3472 1787 3516 mone-

299 3550 461 3613 taria
496 3550 815 3613 inferiore
870 3573 1146 3631 nomen,
1208 3574 1340 3616 non
1380 3554 1577 3616 modo
1612 3555 1787 3639 quod

297 3673 531 3717 numus
575 3674 812 3715 aureus
867 3654 1027 3732 tuit,
1106 3656 1494 3739 maximique
1535 3656 1601 3718 in
1651 3678 1786 3719 mo-

295 3770 449 3818 neta
500 3776 697 3818 aurea
748 3754 1071 3819 ordinaria
1124 3757 1468 3838 ponderis,
1514 3759 1629 3821 sed
1667 3761 1787 3821 eti·

297 3878 397 3920 sm
433 3857 619 3940 quia,
680 3873 753 3921 ut
796 3860 951 3919 olim
989 3857 1053 3917 in
1095 3861 1448 3937 sestertiis,
1493 3862 1580 3923 ita
1611 3879 1783 3923 nuno

292 3961 363 4021 in
409 3959 675 4037 solidis,
732 3960 946 4022 omnis
1006 3960 1170 4023 ratio
1219 3964 1592 4045 pecuniaria
1638 3983 1786 4045 per-

290 4063 400 4145 egi
450 4062 691 4146 coepit.
778 4060 973 4122 Numi
1026 4063 1254 4141 solidi,
1326 4078 1627 4148 tanquam
1702 4062 1782 4127 ab

1898 834 2285 897 perperam,
2347 814 2470 895 jam
2534 814 2705 875 enim
2771 813 2962 876 video
3007 816 3374 899 Apuleium,

1900 918 2013 999 qui
2070 916 2548 977 Antoninorum
2612 935 2774 977 aevo
2819 913 3080 994 floruit,
3140 922 3380 981 solidos

1899 1040 2130 1082 aureos
2171 1035 2543 1079 memorare
2570 1013 2661 1098 Β).
2715 1073 2718 1078 .
2748 1018 2926 1079 Istud
2959 1032 3260 1093 certum-,t
3290 1021 3386 1078 in-

1903 1121 1986 1181 de
2022 1142 2056 1181 a
2094 1119 2516 1182 Constantino
2544 1117 2959 1201 frequentem
3002 1140 3145 1182 esse
3179 1111 3385 1182 inim·

1903 1233 2279 1305 perator-um
2332 1219 2898 1283 constitutionibus
2931 1221 3071 1303 ejus
3120 1223 3390 1284 mentio-

1905 1344 2085 1385 nem.
2169 1324 2426 1382 Nomen
2476 1319 2645 1381 haud
2707 1320 2902 1382 dubie
2959 1323 3109 1384 tulit
3166 1346 3202 1385 a
3246 1341 3388 1407 pst*-

1907 1424 2116 1497 tibus,
2180 1442 2336 1503 quas
2384 1421 2734 1495 continuit,
2799 1435 2870 1482 ut
2924 1443 3156 1485 revera
3200 1426 3389 1486 Lam·

1906 1524 2156 1609 pridius
2199 1524 2502 1585 semisses
2541 1536 2607 1585 et
2643 1521 2976 1586 tremisses
3009 1544 3242 1585 aureos
3274 1526 3392 1587 ibi·

1910 1627 2099 1700 dem,
2161 1638 2460 1707 tanquam
2514 1625 2709 1686 solidi
2771 1639 2988 1707 partes
3050 1640 3391 1705 memorat,

1907 1724 2241 1810 quomodo
2309 1726 2611 1788 denarius
2669 1727 2824 1788 olim
2884 1728 3126 1790 divisus
3183 1730 3391 1791 estin

1911 1831 2239 1913 quinarios
2277 1842 2342 1891 et
2393 1828 2762 1905 sestertios,
2807 1844 2874 1891 et
2921 1831 3233 1892 habemus
3274 1852 3390 1893 nu-

1909 1955 2048 1997 mos
2088 1952 2327 1995 aureos
2387 1944 2591 1993 stante
2651 1953 2802 2014 r-ep.
2859 1932 3183 2013 signatos,
3238 1951 3395 2014 quo·

1907 2057 2057 2097 rum
2134 2032 2395 2105 solidis,
2484 2032 2622 2094 sive
2679 2034 2953 2111 integris
3006 2034 3389 2114 inscriptum

1908 2137 2063 2210 Lx,
2108 2136 2253 2196 aliis
2287 2135 2570 2209 XXXX,
2615 2134 2755 2196 aliis
2774 2135 2915 2194 XX.
3003 2133 3100 2196 Ad
3139 2133 3389 2216 pondus

1909 2237 2084 2319 quod
2136 2237 2394 2311 attinet,
2452 2236 2639 2297 fuere
2682 2237 2747 2296 in
2795 2237 2984 2300 uncia
3033 2235 3225 2297 solidi
3257 2237 3390 2313 vl„

1910 2360 2073 2420 ergo
2120 2339 2183 2399 in
2216 2338 2377 2399 libra
2413 2338 2608 2399 solidi
2639 2338 2895 2399 LXXII.
2939 2403 2942 2406 ,
2982 2342 3210 2400 Exstat
3237 2357 3389 2399 con·

1908 2440 2156 2512 stitutio
2220 2440 2655 2505 Valentiniani
2703 2444 2797 2518 c):
2890 2445 3392 2522 Quotiescunque

1905 2555 2081 2605 certa
2113 2563 2358 2604 summa
2390 2547 2736 2605 solidorum
2754 2562 2876 2619 pro
2910 2545 3088 2602 titula·
3115 2545 3393 2622 qualita-

1906 2656 1969 2707 te
2003 2648 2261 2707 debetur
2278 2687 2295 2720 ‚
2341 2655 2460 2705 aut
2483 2648 2632 2704 auri
2659 2662 2876 2702 massa
2918 2644 3392 2716 transmittitur,

1906 2751 1976 2808 in
2008 2748 2284 2809 LXXII.
2330 2747 2572 2807 solidos
2611 2745 2781 2805 libra
2824 2745 3082 2823 seratur
3115 2751 3390 2821 accepto.

1904 2848 2032 2908 Hic
2071 2840 2428 2908 solidorum
2464 2847 2728 2908 LXXII.
2765 2844 2830 2902 in
2876 2842 3039 2906 libra
3076 2862 3392 2904 numerus

1902 2949 2164 3010 insulsis
2203 2946 2643 3009 adlusionibus
2679 2946 2803 3009 hoc
2834 2967 2995 3008 aevo
3026 2966 3243 3008 ansam
3280 2943 3393 3005 de-

1905 3050 2015 3111 dit.
2066 3050 2176 3110 Sic
2211 3051 2274 3109 in
2307 3050 2466 3112 actis
2498 3069 2700 3131 papae
2739 3048 3107 3111 Marcellini
3129 3046 3388 3108 LXXII.

1906 3149 2201 3230 episcopi
2247 3149 2593 3209 Sinuessae
2642 3149 3023 3229 congregati
3075 3159 3389 3208 vocantur

1902 3254 2176 3313 LXXII.
2188 3255 2539 3313 solidorum
2556 3253 2726 3312 libra
2745 3253 3031 3321 occidua,
3047 3260 3112 3306 et
3127 3246 3390 3310 Lxxn.

1905 3349 2259 3432 discipulos
2313 3348 2616 3411 Sedulius
2663 3348 2948 3430 appellat
3002 3367 3268 3408 auream
3309 3351 3389 3409 1⁸·-

1904 3456 2102 3515 bram.
2193 3450 2506 3513 Martialis
2558 3448 2835 3510 similem
2886 3447 3097 3508 lusum
3132 3445 3195 3530 d)
3231 3447 3386 3510 alins

1903 3549 2183 3616 indicavi
2215 3558 2297 3633 ἓ).

2026 3661 2097 3719 ln
2130 3658 2304 3718 hunc
2334 3654 2549 3717 locum
2572 3653 2790 3715 distuli
2809 3648 3206 3714 mentionem
3229 3670 3388 3735 pon·

1902 3757 2167 3834 derum,
2226 3777 2414 3842 quae.
2448 3755 2875 3821 ExAGtvn.
2921 3754 3245 3818 somm.
3286 3754 3383 3814 in·

1900 3861 2310 3938 scribuntur,
2349 3872 2630 3943 suntque
2649 3858 2961 3923 hactenus
2997 3857 3258 3940 cognita
3285 3876 3388 3920 se·-
3489 3884 3495 3891 ¹

1900 3980 2226 4130 quaxn&-
2269 4064 2753 4130 nonem-vs.
2783 4063 2860 4128 P.
2895 4062 2973 4126 F.
3017 4061 3217 4130 Avo.
3258 4022 3406 4126 ea-¹

291 4161 670 4226 Alexandro
719 4166 970 4228 Severo
1031 4166 1324 4248 percussi
1386 4166 1512 4248 jam
1557 4166 1785 4228 memi·
1886 4181 2011 4248 put
2056 4172 2331 4231 Honor-ii
2390 4171 2744 4230 barbatum.
2830 4160 2908 4222 ἶ·
2953 4163 3381 4231 ExAGIVM.

293 4261 393 4322 nit
463 4265 875 4348 Lampridius
924 4268 1022 4346 ⁸),
1112 4270 1485 4334 existimant
1560 4283 1777 4349 tamen
1896 4270 2213 4333 SOLIDl.
2257 4270 2496 4333 Mulier
2518 4269 3381 4339 stamd.bilancem‚s.oor-

294 4361 575 4440 eruditi,
635 4366 1079 4449 Lampridium
1124 4374 1542 4449 προληπτικως
1597 4371 1778 4434 locu·
1891 4370 2222 4449 nucopt‘ae'.
2307 4370 2576 4434 Pondus
2602 4370 2741 4430 AB.
2792 4374 3058 4451 parvum
3107 4365 3376 4450 quadra-

359 4598 421 4671 s)
460 4596 524 4653 in
561 4594 902 4653 Alexandro
940 4615 994 4657 c.
1032 4607 1127 4670 39.

283 4683 354 4758 d)
391 4685 455 4743 1..
498 4685 572 4744 X.
609 4706 708 4762 ep.
745 4694 838 4748 24.
984 4688 1046 4760 e)
1083 4686 1322 4753 Vol-V·
1350 4709 1484 4768 pag.
1518 4703 1611 4768 29.

1341 4599 1412 4673 b)
1450 4603 1681 4665 Metam.
1710 4603 1775 4661 1..
1811 4602 1913 4661 lx,
1949 4621 2012 4680 p.
2044 4620 2122 4662 m.
2157 4609 2283 4667 178.

2461 4602 2524 4675 c)
2562 4598 2715 4663 eod.
2749 4600 2817 4658 L.
2853 4601 2927 4663 X.
2965 4600 3057 4660 tit.
3095 4615 3184 4671 70.
3224 4605 3276 4681 §-
3313 4611 3367 4681 5.
