4388 5576
1028 435 1175 532 39²»

1026 633 1162 680 tem
1220 611 1538 697 reperias.
1627 607 1804 704 Quin
1849 624 1997 670 cum
2047 604 2532 673 Antiochenses

1025 718 1183 783 iude
1219 736 1257 780 a
1295 715 1613 798 Traiano,
1660 732 1734 774 ac
1773 710 2082 790 deinceps
2129 708 2530 774 tetradi-ach·

1030 822 1153 902 mis
1210 829 1587 881 constanter
1633 813 1997 877 inscribere
2046 810 2341 880 solerent
2375 809 2531 875 ΔΗ-

1025 915 1559 986 ΜΑΡΧΙΚΗΟ.
1597 913 2076 991 ΕΞΟΤΟΙΑΟ,
2141 918 2530 979 tribuniciae

1023 1026 1398 1106 potestatis,
1444 1040 1528 1082 ex
1567 1017 1737 1086 dicta
1772 1037 1962 1080 causa
1997 1018 2062 1077 in
2095 1018 2531 1078 unoPescen·

1025 1126 1139 1188 nio
1177 1107 1508 1186 mutarunt
1555 1120 1961 1203 epigraphen
1998 1116 2277 1181 suffecto
2311 1114 2531 1180 ΠΡΟ-

1028 1223 1280 1289 ΝΟΙΑ.
1318 1219 1634 1298 ΘΕωΝ,
1672 1225 2084 1299 providentia
2114 1225 2412 1300 deorum,
2456 1232 2530 1284 ut

1029 1326 1275 1395 dictum
1318 1325 1385 1386 in
1420 1337 1680 1392 moneta
1706 1324 2294 1387 Antiochensium.

982 1413 988 1419 ’
1159 1430 1491 1514 Augustos
1520 1426 1646 1490 sibi
1683 1427 1753 1488 in
1789 1427 1938 1492 trib.
1986 1438 2310 1509 potestate
2348 1422 2531 1488 adhi-

1028 1531 1251 1595 buisse
1315 1530 1661 1611 conlegas,
1744 1530 1935 1619 obyia
1990 1541 2140 1591 sunt
2203 1529 2529 1612 exempla.

1030 1634 1192 1698 Tria
1226 1631 1597 1716 suppeditat
1637 1631 1778 1716 ipse
1813 1633 2179 1713 Augustus,
2227 1632 2336 1715 qui
2381 1649 2529 1694 eam

1025 1738 1115 1806 V.
1139 1738 1211 1800 C.
1243 1734 1371 1819 736
1408 1738 1500 1798 M.
1519 1734 1853 1818 Agrippae
1887 1736 1970 1797 ad
2011 1735 2528 1820 quinquennium

1032 1840 1269 1905 detulit
1318 1823 1415 1919 ὲ),
1475 1836 1751 1899 subinde
1798 1837 1884 1905 v..
1930 1838 2181 1918 (ιηιμΔ
2236 1839 2302 1898 iu
2348 1834 2529 1903 atiud

1033 1941 1550 2029 quinquennium
1624 1955 2041 2024 prorogatam
2100 1937 2191 2025 ¹³).
2295 1942 2377 2008 V.
2452 1940 2527 2003 C.

958 2043 973 2050 “
1028 2049 1156 2127 748
1194 2045 1276 2109 ad
1322 2044 1834 2130 quinquennium
1894 2043 2051 2105 item
2103 2041 2286 2106 dedit
2334 2041 2531 2104 Tibe·

908 2181 917 2188 ·
1029 2151 1135 2213 rio
1189 2147 1529 2232 privigno,
1590 2158 1664 2205 ut
1722 2144 1861 2224 Caii
1923 2158 1991 2206 et
2046 2146 2238 2207 Lucii
2297 2147 2531 2209 Caesa-

1030 2271 1177 2314 rum
1236 2246 1655 2311 insolentiam
1712 2246 2150 2329 reprimeret,
2227 2265 2358 2331 quo
2418 2266 2529 2308 ex·

954 2399 969 2406 -
1028 2365 1175 2433 acto
1223 2350 1306 2414 ad
1346 2349 1665 2432 privatam
1712 2367 1975 2412 rursum
2027 2349 2358 2413 fortunam
2425 2363 2530 2444 est

1027 2455 1356 2521 redactus.
1442 2456 1530 2515 At
1576 2468 1740 2514 vero
1793 2451 1951 2535 Cajo
2001 2466 2067 2516 et
2122 2450 2335 2530 ,Lucio
2395 2449 2529 2526 vita

1028 2559 1307 2634 functis,
1368 2576 1492 2630 ne,
1550 2565 1623 2643 ut
1663 2553 1875 2638 inquit
1915 2556 2180 2619 Tacitus
2234 2559 2529 2640 ⁰),sucf

1030 2679 1260 2725 cessor
1304 2660 1373 2719 in
1428 2657 1683 2718 incerto
1714 2654 1929 2733 foret,
1974 2670 2041 2719 et
2085 2674 2324 2739 pravae
2373 2653 2542 2714 alio·'

1029 2783 1181 2827 rum
1225 2780 1375 2844 spes
1421 2755 1929 2834 cohiberentur,
1992 2759 2074 2825 V.
2121 2759 2192 2822 C.
2243 2760 2371 2837 757
2419 2753 2529 2818 Ti.

1029 2863 1291 2926 berium
1355 2873 1422 2925 et
1482 2858 1843 2947 adoptavit,
1906 2873 1975 2923 et
2031 2860 2185 2922 trib.
2245 2870 2531 2944 potesta-

908 2996 915 3001 ,
1030 2978 1098 3029 te
1145 2963 1412 3026 donavit
1459 2964 1535 3024 in*
1580 2960 2011 3036 decennium,
2070 2976 2139 3025 et
2171 2962 2532 3055 exspiratu-

1028 3089 1172 3133 ram
1222 3063 1644 3149 prorogavit,
1704 3078 1776 3127 ut
1809 3063 2089 3129 diximus
2145 3065 2215 3129 in
2266 3075 2530 3126 moneta

1031 3167 1308 3234 Tiberii.
1416 3166 1655 3251 Coepit
1725 3185 1890 3250 ergo
1965 3165 2094 3247 jam
2174 3167 2528 3248 Augustus,

1028 3291 1228 3356 quem
1302 3271 1426 3333 hac
1486 3283 1812 3351 potestate
1887 3267 2256 3342 decoravit,
2347 3268 2529 3333 velut

1031 3375 1378 3455 conlegam
1451 3371 1518 3432 in
1578 3370 1903 3454 imperio,
1984 3384 2053 3433 et
2132 3368 2528 3431 destinatum

1031 3491 1486 3538 successorem
1524 3469 1809 3545 habere,
1874 3468 2052 3553 quod
2096 3468 2238 3550 ejus
2280 3467 2535 3528 institu-

1027 3560 1173 3640 tum
1213 3573 1489 3639 subinde
1543 3571 1614 3634 in
1663 3570 2041 3654 exemplum
2098 3568 2278 3632 abiit.
2362 3568 2533 3630 Nam

936 3738 941 3745 ,
1030 3691 1381 3762 sequentes
1409 3675 1845 3757 imperatores
1890 3675 2009 3748 iis,
2065 3691 2229 3755 quos
2262 3690 2389 3755 per
2422 3667 2536 3734 ad-

1017 3780 1368 3862 ‘optionem
1398 3776 1686 3859 imperio
1738 3775 2261 3850 destinaverant,
2306 3772 2363 3835 si
2395 3790 2535 3834 mo·

1033 3878 1121 3943 do
1156 3896 1303 3964 *per
1361 3890 1639 3940 aetatem
1701 3877 1903 3940 rebus
1965 3873 2279 3958 gerendis
2338 3891 2532 3956 pares

1029 3983 1261 4056 fuere,
1308 3980 1619 4045 continuo
1665 3978 1815 4045 trib.
1867 3990 2257 4061 potestatem
2302 3974 2533 4039 decer-

1028 4084 1315 4151 nendam
1349 4099 1707 4160 curavere,
1750 4080 1936 4164 cujus
1977 4079 2282 4163 exempla
2334 4076 2536 4143 dede-

1024 4210 1107 4255 τε
1155 4193 1486 4273 Augustus
1532 4187 1602 4247 in
1655 4183 1970 4262 Tiberio,
2015 4185 2235 4261 Nerva
2274 4182 2340 4243 iu
2376 4186 2537 4246 Tra·

1028 4293 1220 4376 jano,
1265 4288 1637 4356 Hadrianus
1690 4287 1757 4349 in
1800 4285 2036 4364 Aelio,
2097 4299 2165 4351 et
2209 4304 2361 4349 mox
2405 4284 2539 4346 An-

1025 4397 1281 4461 tonino.
1366 4392 1650 4473 Addidi,
1711 4392 1767 4455 si
1819 4409 1943 4479 per
1974 4403 2254 4456 aetatem
2306 4386 2387 4473 sd
2425 4408 2536 4481 res

2612 2048 2829 2105 ‘catus
2863 2046 2969 2104 sit.
3056 2048 3281 2127 Neque
3321 2067 3491 2107 nunc
3524 2066 3796 2124 propere
3809 2091 3827 2123 ,

2310 418 2699 498 CAPVT
2786 419 2884 493 Χ.

2644 604 2931 696 agendas
2980 601 3206 668 idonei
3250 604 3478 685 fuere,
3551 619 3699 671 nam
3749 632 3967 696 neque
4014 617 4146 678 Au·

2646 719 2870 787 gustus
2909 706 3065 786 Cajo
3121 722 3187 771 et
3215 709 3468 786 Lucio,
3536 713 3661 773 etsi
3701 733 3824 794 per
3852 715 4144 801 adoptio-

2643 828 2797 870 nem
2845 808 3216 891 designatis
3288 815 3815 906 successoribus,
3894 832 3964 881 et
4020 819 4139 886 illa

2644 910 2988 976 consulatu
3023 913 3281 977 functus
3327 915 3457 998 jam
3512 907 3923 995 εοσει,οἵι·ὶ1ι.
3958 936 4141 1015 pote·

2586 1081 2594 1090 ,
2642 1025 2875 1078 statem
2925 1016 3197 1079 decerni
3235 1029 3348 1088 est,
3381 1041 3648 1101 passus,
3692 1040 3910 1105 neque
3953 1023 4142 1089 Clan-

2641 1114 2788 1178 dius
2809 1118 3107 1194 Neroni,
3154 1141 3371 1204 neque
3406 1121 3771 1185 Antoninus
3803 1126 4016 1188 statim
4045 1131 4139 1191 Μ’.

2638 1219 2937 1290 Aurelio.
3025 1222 3280 1300 Eadem
3336 1244 3599 1309 quoque
3662 1224 3771 1288 lex
3829 1226 3898 1287 in
3956 1244 4142 1295 natu·

2639 1322 2885 1386 talibus
2922 1343 3184 1407 quoque
3237 1323 3426 1401 filiis,
3489 1341 3554 1388 et
3591 1326 3770 1409 quod
3819 1331 4140 1413 sequitur,

2644 1425 3032 1492 Caesaribus
3063 1426 3360 1490 obtinuit.
3436 1429 3597 1510 Ejus
3637 1430 3894 1495 illustre
3922 1453 4145 1498 exem·

2641 1530 2825 1616 plum
2874 1542 3164 1613 praestat
3214 1530 3554 1606 Tiberius,
3624 1532 3736 1614 qui
3794 1554 3945 1606 cum
3988 1537 4139 1599 trib.

2641 1644 3036 1714 potestatem
3096 1631 3236 1695 filio
3302 1637 3521 1700 Druso
3583 1649 3884 1719 peteret,
3965 1639 4142 1703 inter-

2644 1736 2800 1800 alias
2832 1756 3052 1810 causas
3079 1737 3623 1804 commemoravit
3659 1759 3919 1822 quoque
3942 1784 3962 1816 ,
4004 1761 4144 1806 esse

2643 1841 2750 1901 illi
2777 1860 2920 1902 eam
2954 1850 3230 1902 aetatem
3248 1885 3265 1915 ‚
3312 1861 3443 1922 qua
3470 1843 3607 1919 ipse
3632 1847 3959 1923 quondam
3987 1865 4032 1906 a
4061 1845 4137 1906 D.

2643 1945 2938 2020 Auyusto
2981 1947 3077 2004 ad
3122 1947 3578 2021 capessendum
3613 1947 3731 2006 hoc
3771 1967 4004 2008 munus
4035 1968 4139 2009 co·-

3889 2052 4010 2111 τεά
4025 2068 4141 2128 per

2644 2154 2783 2206 octo
2816 2166 3022 2208 annos
3054 2155 3241 2224 capto
3272 2151 3702 2225 experimento
3717 2192 3734 2223 ‚
3769 2152 4141 2228 compressis

2642 2250 2951 2309 seditioni
2953 2251 3066 2309 bus
3083 2291 3101 2322 ‚
3146 2251 3527 2324 compositi(
3539 2252 3754 2327 bellis,
3799 2254 4144 2329 triumpha·

2643 2352 2767 2410 lem
2783 2392 2800 2423 ‚
2845 2360 2914 2411 et
2941 2352 3041 2410 bis
3080 2351 3439 2423 consulem,
3484 2356 3625 2414 noti
3663 2356 3911 2416 laboris
3939 2355 4141 2431 parti-

2643 2454 2848 2527 cipem
2876 2452 3045 2512 sumi
3073 2445 3161 2531 d).
3206 2447 3510 2511 Eundem
3545 2452 3869 2518 honorem
3901 2457 4142 2535 Vespa·

2644 2550 2862 2615 sianus
2899 2548 3038 2612 filio
3079 2550 3234 2610 Tito
3278 2550 3411 2631 jam
3453 2559 3745 2620 maturae
3794 2558 4018 2620 aetatis
4077 2568 4145 2619 et

2644 2651 2903 2718 virtutis
2935 2648 3240 2731 cognitae
3272 2650 3657 2736 impertivit.
3734 2659 3822 2722 At
3860 2658 4144 2740 pessimo

2642 2755 2951 2836 exemplo
3004 2755 3097 2814 M·
3137 2753 3449 2845 Aurelius
3507 2778 3661 2823 eum
3720 2758 3961 2827 detulit
4006 2760 4143 2825 filio

2641 2855 3010 2920 Commodo
3025 2855 3207 2925 XVI.
3235 2878 3439 2923 annos
3467 2874 3622 2924 nato
3651 2860 3868 2927 addita
3907 2865 4142 2928 eodem

2641 2959 2856 3024 adhuc
2896 2977 3065 3020 auno
3098 2960 3379 3039 Augusti
3423 2963 3905 3046 appellatione,
3950 2987 4143 3052 quem

2644 3076 2715 3125 ut
2753 3060 3001 3123 insania
3044 3059 3346 3125 vinceret
3390 3064 3718 3144 Severus,
3780 3068 4144 3131 decennem

2642 3162 2851 3225 filium
2911 3164 3315 3227 Antoninum
3377 3165 3612 3233 eadem
3654 3183 4019 3255 potestate,
4080 3181 4146 3232 et
4249 3180 4253 3191 ’

2642 3268 2984 3349 Augusteo
3019 3265 3210 3345 titulo
3258 3267 3612 3348 insignivit.
3698 3271 3800 3331 Δι’
3837 3271 4144 3357 deinceps

2642 3367 3021 3446 perturbata
3053 3364 3306 3442 omnia,
3349 3380 3426 3428 ιιι
3456 3369 3706 3452 patebit
3742 3371 3911 3436 infra
3934 3418 3953 3449 ,
3999 3396 4143 3440 cum

2647 3465 2938 3549 Philippi
2970 3465 3246 3548 junioris
3293 3479 3362 3530 et
3394 3470 3736 3539 Volusiani
3779 3475 4142 3541 tribunatus

2647 3565 3118 3653 expendemus.

2655 3735 2692 3754 ς
2774 3673 2936 3735 Cum
2982 3669 3132 3734 trib.
3174 3685 3462 3756 potestas
3498 3696 3628 3740 uua
3674 3697 3822 3743 cum
3865 3680 4145 3765 impera-

2643 3772 2809 3835 toris
2845 3768 3039 3836 titulo
3077 3774 3261 3840 velut
3294 3774 3622 3861 quoddam
3678 3796 3854 3845 esset
3887 3782 4149 3867 imperii

2649 3862 3182 3956 fundamentum,
3243 3892 3314 3941 et
3355 3880 3468 3963 qui
3522 3882 3705 3946 illam
3752 3885 4146 3969 praeferret,

2647 3981 2757 4045 vel
2809 3978 3120 4064 princeps
3172 3994 3382 4057 esset,
3430 3983 3537 4047 vel
3583 3985 3663 4048 ad
3708 3987 4148 4072 principatum

2648 4080 3046 4159 destinatus,
3110 4082 3358 4166 placuit
3404 4086 3678 4167 singulis
3722 4089 4152 4173 principibus,

2648 4204 2686 4246 a
2715 4181 2826 4246 die
2864 4183 3145 4249 collatae
3179 4182 3371 4267 hujus
3415 4190 3757 4271 potestatis
3808 4191 4151 4274 quandam,

2651 4285 2708 4349 si
2755 4285 2850 4353 ita
2886 4285 3071 4371 loqui
3114 4285 3211 4349 fas
3248 4301 3381 4366 est,
3426 4289 3650 4353 collati
3698 4291 3965 4377 imperii
3996 4313 4159 4379 epo·

2653 4390 2844 4451 cham
2905 4387 3188 4468 ducere3
3256 4391 3562 4455 nimirum
3626 4396 3803 4479 quod
3853 4395 4200 4481 prodidit*

1100 4628 1167 4699 a)
1206 4623 1321 4684 Dio
1358 4622 1425 4680 La
1464 4621 1615 4688 LIV.
1658 4628 1708 4699 §.
1754 4634 1838 4685 12.

1024 4717 1179 4789 Anu,-
1218 4714 1323 4778 ΙΙΙ.
1365 4714 1459 4779 56.

2062 4607 2287 4695 aymo
2328 4618 2398 4689 L„
2433 4619 2586 4684 le.
2626 4624 2678 4696 §-
2716 4629 2806 4684 ιε.

3028 4624 3090 4696 c)
3127 4624 3283 4684 Anu.
3322 4623 3420 4685 111.
3461 4642 3524 4684 c.·
3552 4628 3642 4691 56.
3847 4627 3919 4702 d)
3961 4630 4158 4689 Tacit.
