4388 5576
949 467 1091 545 362

944 653 1239 731 Romana
1302 638 1479 703 nudo
1538 639 1758 723 'eapite
1828 641 2016 704 fuere
2088 645 2435 730 propositi,

941 749 1264 832 permissa
1319 760 1534 808 tamen
1599 728 1809 807 serius
1861 765 2104 807 corona
2165 746 2432 823 radiata,

941 870 1265 935 nunquam
1302 848 1547 910 laurea.
1596 844 1728 906 Sed
1763 858 1829 906 et
1863 846 2086 909 laurea
2121 847 2434 910 aliorsum

941 952 1175 1014 summi
1211 948 1453 1030 fastigii
1486 949 1739 1030 insigne
1770 949 1890 1008 fuit
1922 947 2229 1011 habitum.
2275 950 2436 1010 Nar-

933 1067 1120 1115 rante
1155 1050 1535 1112 Herodiano
1570 1054 1627 1131 ⁰)
1672 1049 1934 1110 intr'anti
1969 1050 2429 1133 Carthaginem

933 1142 1306 1226 Gordiano,²
1331 1172 1522 1233 quem
1553 1151 2013 1233 proconsulem
2046 1173 2235 1214 auum
2259 1153 2431 1214 Afri-

932 1256 1078 1318 cani
1139 1253 1291 1315 odio
1352 1251 1689 1321 Maximini
1746 1252 2108 1333 Augustum
2154 1252 2425 1330 dixere,

932 1352 1071 1419 <zm
1102 1347 1315 1439 ραβδο]
1348 1345 1784 1431 §Summave-<³2⁸3
1827 1352 1966 1432 ὅπερ
1996 1350 2098 1428 ἐςἾ
2134 1359 2428 1438 συμβολον

840 1476 849 1479 ·
930 1455 1023 1530 εἰς
1076 1479 1146 1517 το
1207 1447 1536 1539 διαιγνωναι
1594 1477 1710 1526 τας
1767 1458 2092 1528 βασιλικας
2147 1454 2264 1518 ἀπο
2306 1478 2422 1518 των

930 1553 1271 1637 &cos-sumn,
1308 1560 1528 1637 fasces
1568 1559 1850 1617 laureati
1882 1564 2283 1639 praeyestatu‘
2316 1563 2426 1640 fu·

926 1681 1064 1736 ere,
1109 1663 1285 1742 quod
1305 1662 1557 1737 insiqne
1578 1661 1800 1736 fasces
1831 1660 2042 1737 reqios
2073 1682 2115 1720 a
2136 1666 2423 1740 privatis

926 1765 1254 1825 discernit.
1340 1757 1499 1818 Inde
1555 1779 1588 1819 a
1638 1758 2052 1819 Diocletiano
2102 1760 2419 1847 conlegae

926 1864 1238 1926 Caesares
1282 1858 1507 1921 omnes
1548 1859 1772 1922 co‘ntra
1803 1880 2056 1921 morem
2096 1880 2178 1923 ex
2216 1861 2418 1942 longo

920 1975 1303 2045 receptum,
1363 1961 1649 2021 lauream
1700 1961 2088 2035 induerunt,
2134 1976 2206 2023 ut
2249 1964 2418 2026 Con-

848 2048 861 2063 *
923 2063 1194 2126 stantius
1231 2060 1549 2139 Chlorus,
1596 2062 1737 2125 Gal.
1774 2058 2235 2138 Maximianus,
2281 2069 2417 2127 Ma-

917 2165 1233 2239 ximinus,
1296 2163 1396 2223 Fl.
1446 2166 1769 2238 SeveruS,
1827 2163 2284 2227 Constantinus
2321 2168 2414 2228 M.

870 2316 887 2331 .
922 2269 995 2326 In
1044 2286 1231 2326 causa
1272 2263 1509 2337 suerit,
1558 2264 1733 2346 quod
1769 2286 1915 2326 suas
1955 2266 2229 2349 quisque
2267 2254 2418 2348 pro-2

917 2367 1161 2428 vincias
1208 2366 1402 2446 plena
1456 2363 1600 2426 fere
1653 2384 1800 2424 cum
1849 2380 2170 2447 potestate
2218 2370 2417 2433 rexit.

919 2468 1177 2529 Horum
1241 2464 1480 2526 deinde
1548 2466 1923 2547 exemplum
1997 2471 2203 2532 secuti
2265 2483 2414 2531 sunt

925 2566 1240 2630 Caesares
1307 2568 1629 2650 Crispus,
1691 2568 2056 2631 Delmatius
2118 2586 2185 2634 et
2246 2573 2414 2633 Con-

921 2656 1181 2731 stantini
1220 2673 1311 2729 M.
1359 2668 1498 2729 filii.
1586 2673 1669 2728 At
1700 2669 2233 2733 Hanniballianus
2269 2694 2410 2750 rex,

912 2769 1317 2846 'Decentius,
1365 2770 1775 2830 Constantius
1821 2770 2078 2846 Gallus,
2127 2774 2412 2836 Iulianus

917 2876 1267 2943 Caesares,
1314 2871 1462 2953 quia
1513 2871 1994 2953 despectiores,
2040 2876 2217 2937 nudo
2262 2890 2411 2940 sunt

917 2975 1150 3059 capite.
1237 2973 1394 3035 Post
1428 2974 1826 3056 Constantini
1856 2978 1945 3037 Μ.
1981 2975 2151 3040 filios
2184 2979 2408 3041 laurea

912 3075 1166 3160 negligi
1211 3090 1481 3159 coepta,
1526 3078 2037 3166 potiorqueysuit
2083 3079 2407 3143 diadema·

913 3181 998 3260 tis
1042 3200 1231 3257 usus,
1284 3177 1368 3242 de
1414 3199 1543 3263 quo
1588 3175 1758 3241 mox.
1976 3167 1981 3174 ⁴

1041 3283 1366 3355 Coronam
1406 3281 1719 3343 radiatam
1766 3283 2013 3345 invexit
2053 3283 2268 3356 Nero,
2317 3282 2402 3345 de

906 3385 1095 3468 ,cujus
1132 3383 1604 3467 significatione
1656 3384 1923 3447 uberius
1959 3384 2067 3466 egi
2106 3386 2171 3445 in
2214 3384 2403 3466 hujus

905 3488 1187 3571 Augusti
1223 3501 1515 3562 moneta,
1564 3500 1644 3548 et·
1667 3474 1959 3548 conferri
1997 3502 2263 3567 possunt
2303 3506 2401 3562 ea,

912 3581 1076 3674 tinae
1115 3591 1200 3653 de
1235 3587 1496 3664 nimbo,
1539 3588 1668 3650 alio
1718 3588 1942 3671 capitis
1994 3586 2399 3670 imperatorii

912 3705 1296 3755 ornamento
1326 3691 1392 3752 in
1429 3693 1736 3752 Tractatu
1769 3690 1849 3752 de
1886 3689 2097 3750 numis
2130 3688 2399 3749 inferio-

906 3792 1187 3857 ris‘aevi
1229 3791 1631 3857 docebimus,
1718 3797 1879 3854 Eam
1934 3776 2171 3853 deinde
2217 3809 2399 3851 rece-

905 3892 1004 3977 pit
1030 3894 1505 3978 Vespasianus.
1570 3895 1839 3963 ‘Verum
1896 3893 2099 3976 longo
2147 3905 2398 3973 tempo·

869 3974 983 4071 ‘re
1020 4017 1177 4058 non
1240 3997 1580 4079 occupavit
1636 3996 1763 4058 nisi
1826 4017 2102 4070 aeneos,
2151 4013 2396 4086 eosque

906 4113 1153 4162 tantum
1197 4100 1275 4161 11.
1344 4100 1617 4163 formae.
1709 4097 1845 4160 Sub
1901 4096 2229 4160 Caracalla
2289 4096 2400 4158 de-

906 4221 1085 4282 mum
1126 4195 1474 4284 argenteos
1513 4200 1774 4276 invasit,
1823 4200 1938 4262 sed
1978 4217 2091 4260 eos
2130 4211 2397 4275 tantum,

909 4303 1073 4390 quos
1132 4325 1308 4371 novo
1368 4305 1674 4389 exemplo
1748 4302 1995 4386 majore
2064 4301 2395 4400 volumine

2224 428 2616 535 cAPvT
2682 439 2770 530 v.

2551 639 2742 703 feriri
2789 637 3010 722 jussit,
3071 636 3248 722 quod
3301 636 3543 702 deinde
3595 622 4052 727 institutum‘a

2554 743 2888 824 proximis·
2934 741 3425 829 successoribus
3493 743 3618 805 fuit
3692 762 4045 814 retentum.

2553 843 2779 907 Serius
2821 838 2963 928 'ejus
3011 866 3163 906 usus
3210 844 3424 905 varius
3471 843 3631 921 fuit,
3678 868 3752 910 ac
3788 868 4048 934 pertur-

2548 945 2768 1021 batus,
2815 964 3008 1026 quem
3064 947 3368 1008 curatius*
3399 947 3747 1012 enucleare
3801 973 4045 1036 operae

2543 1061 2828 1130 pretium
2856 1061 3001 1108 'non
3046 1062 3237 1130 pum,
3287 1062 3353 1110 et
3399 1070 3544 1111 cum
3591 1064 3866 1118 *neeesse
3921 1071 4041 1133 est,

2542 1162 2731 1233 potes
2757 1147 2835 1209 ab
2866 1149 3020 1230 ipsis
3047 1148 3513 1230 imperatorum
3542 1157 3755 1216 numia
3784 1171 4039 1239 petere.

2543 1253 2706 1314 Cum
2768 1250 2887 1325 iis,
2964 1252 3074 1333 qui
3138 1255 3449 1315 Caesares
3512 1266 3755 1318 tantum
3817 1259 4036 1341 fuere,

2543 1351 2653 1412 diu
2698 1364 2930 1434 negata
2982 1366 3154 1413 esset
3200 1354 3458 1431 laurea,
3529 1369 3748 1422 tamen
3793 1361 3947 1425 inde
4001 1387 4038 1426 a

2539 1452 3061 1516 Diadumeniano
3111 1475 3352 1517 corona
3396 1455 3638 1521 radiata
3686 1441 3907 1545 coepit
3942 1465 4037 1524 in-

2540 1554 2821 1639 dulgeri.
2910 1559 3154 1619 Contra
3191 1557 3567 1621 Domitiano
3597 1560 3826 1639 ⁴adhue
3877 1565 4035 1629 Cae.

2537 1660 2666 1720 sari
2710 1659 2891 1718 numi
2942 1657 3308 1739 largiuntur
3355 1677 3660 1722 eoronam
3719 1663 4031 1744 lauream,

2534 1759 2847 1821 radiatam
2885 1779 3207 1845 nunquam
3231 1805 3249 1835 ‚
3295 1762 3417 1821 etsi
3453 1762 3637 1824 'ritus
3673 1763 3911 1841 frater,
3960 1760 4034 1831 et‘

2534 1861 2748 1923 adhuc
2788 1862 3063 1936 Caesar,
3110 1876 3450 1944 utramque
3495 1868 3868 1945 promiscue
3918 1888 4030 1950 ge·

2533 1977 2681 2026 stet.
2784 1963 3111 2024 Coronam
3174 1961 3505 2026 radiatam'
3547 1967 3753 2029 fuisse
3815 1970 4029 2049 serius

2532 2062 2755 2125 laurea
2830 2063 3167 2138 viliorem,
3239 2064 3701 2146 'argumentum
3774 2052 4034 2134 certum'

2533 2181 2634 2227 est
2668 2186 2899 2226 numus
2937 2164 3320 2247 argenteus»,
3368 2169 3479 2249 qui
3519 2168 3790 2232 exhibet
3824 2166 4030 2254 capita

2529 2266 2791 2327 Balbini
2836 2281 2902 2327 et
2953 2267 3230 2348 Pupieni
3286 2268 3535 2350 Augg.‚
3601 2287 3670 2334 et
3713 2271 4030 2339 Gordiani

2531 2371 2862 2445 Caesaris,
2939 2368 3248 2431 laureatis
3309 2371 3478 2443 illis,
3560 2371 3690 2435 hoc
3755 2375 4026 2439 radiato.

2528 2469 2758 2531 Fuisse
2806 2490 3118 2531 coronam
3161 2469 3473 2533 radiatam
3526 2473 3719 2535 etiam
3769 2478 4023 2560 signnm

2531 2572 3116 2647 consecrationis,.
3155 2571 3413 2635 dicetur
3471 2574 3540 2633 in
3600 2587 3880 2641 tractatu
3940 2581 4023 2644 de

2526 2672 2740 2731 numis
2786 2674 3378 2735 consecrationum.
3741 2661 3745 2664 Α
3967 2664 3970 2667 ’

2519 2770 2528 2777 ’
2653 2772 3004 2850 Diadema,
3068 2775 3295 2859 capitis
3353 2788 3804 2838 ornamentum
3864 2778 4024 2841 ant'i·

2525 2894 2691 2960 quae
2753 2879 3116 2960 prosapiae.
3202 2876 3393 2939 Mitto
3467 2875 3798 2957 fabulosa,
3874 2880 4017 2960 ejus

2522 2977 2946 3040 inventorem
3006 2978 3208 3040 fuisse
3285 2978 3612 3041 Bacchum
3657 2976 3747 3060 h).
3836 2979 4017 3054 Istud

2523 3095 2810 3158 eertum,
2874 3087 2957 3142 eo
3016 3082 3198 3144 velut
3240 3081 3537 3164 principe
3585 3080 3773 3162 signo
3817 3070 4016 3164 reges

2521 3180 2724 3243 fuisse
2772 3173 3127 3258 discretos,
3185 3204 3222 3242 a
3266 3202 3397 3265 quo
3443 3196 3778 3262 tempore,
3837 3182 4018 3246 varie

2522 3277 2918 3363 disputatur,
2967 3282 3215 3365 quade
3259 3283 3704 3347 controversia
3743 3284 4020 3344 nonnul·

2519 3383 2581 3444 la
2632 3383 2829 3464 attigi
2853 3382 2918 3443 in
2955 3384 3166 3444 numia
3203 3383 3477 3447 Gelonis
3514 3389 3563 3447 1.
3605 3397 3688 3446 er
3704 3385 4019 3448 Hieroni·

2518 3483 2566 3543 1.
2603 3484 2866 3546 Siciliae
2918 3478 3187 3568 regum,
3253 3500 3320 3548 et
3367 3486 3678 3548 Archelai
3716 3489 3764 3547 l.
3803 3490 4019 3550 Mace·

2516 3585 2750 3647 doniae
2815 3587 3014 3669 regis.
3105 3585 3328 3679 Quare
3406 3608 3538 3649 non
3616 3588 3889 3665 mirum,
3945 3585 4014 3651 in

2512 3681 2761 3770 populo
2793 3688 3050 3763 libero,
3095 3689 3304 3773 qualis
3338 3688 3462 3750 ruit
3488 3691 3820 3751 Romanus
3856 3689 4012 3752 inde
4052 3756 4060 3763 ⁶

2513 3811 2548 3851 a
2605 3790 2809 3871 pulsis
2871 3791 3176 3870 regibus,
3240 3776 3571 3853 communi
3624 3789 3789 3849 illud
3853 3789 4010 3854 odio

2510 3890 2862 3973 flagrasse,
2926 3912 3055 3975 quo
3102 3893 3185 3954 de
3231 3906 3617 3974 argumento
3663 3891 3852 3975 plura
3896 3911 4013 3954 no-

2489 3992 2642 4078 tavi
2685 3995 2751 4053 in
2797 3993 3008 4054 numia
3054 3995 3335 4078 Augusti
3393 3994 3476 4056 ad
3524 4012 3761 4055 annum
3806 3995 3887 4061 V.
3934 3994 4012 4055 C.

2511 4094 2657 4176 726.
2750 4096 2998 4155 Tamen
3045 4094 3212 4157 illud
3255 4097 3602 4180 imponere
3644 4094 3766 4156 sibi
3812 4090 4012 4178 gesti·

2512 4199 2671 4258 vere
2700 4195 2920 4257 stolidi
2944 4195 3201 4277 quidam
3223 4201 3680 4282 imperatores,
3713 4196 3835 4257 etsi
3861 4214 4012 4278 per·

2511 4296 2715 4362 ficere
2747 4293 2891 4362 'non
2934 4296 3273 4362 auderent.
3342 4303 3545 4364 Teste
3590 4298 3910 4362 Suetonio
3944 4299 4010 4383 ο)

1391 4530 1401 4539 ι
2185 4529 2191 4544 s
3781 4539 3793 4551 .

928 4581 929 4584 Ὺ
974 4625 1037 4695 a>
1076 4624 1145 4681 L.
1185 4621 1320 4686 vn„
1355 4625 1497 4688 ωε.

896 4739 959 4795 p.
998 4725 1088 4777 22.
1137 4754 1148 4768 ·

1612 4567 1635 4634 .·
1696 4621 1767 4698 b)
1809 4567 2322 4692 P11n.1..v11.'§.
2364 4627 2454 4683 57.
2507 4583 2781 4682 'modos
2824 4616 2940 4677 sic.
2985 4583 3391 4678 sib1.⁴1..1v.

3606 4616 3669 4687 c)
3706 4612 3784 4672 in'
3809 4611 4003 4692 Calig.
