4388 5576
1016 613 1222 701 -m

1132 769 1363 835 deniae
1389 787 1585 852 reges
1619 741 1922 843 dicuntur
1951 768 2259 847 Αεροπας.
2282 766 2379 849 (in
2411 767 2615 831 Chre·

1128 874 1277 934 nico
1321 892 1387 952 p.
1438 893 1528 935 m.
1566 871 1649 932 50
1696 882 1763 930 et
1793 869 1933 952 57.)
2027 872 2100 929 In
2151 870 2613 935 vetustioribus

1131 971 1360 1034 lustini
1425 969 1817 1034 editionibus
1874 968 2073 1051 vulgo
2121 970 2367 1053 legitur
2413 973 2622 1033 Euro-

1123 1098 1291 1155 pus,
1364 1094 1445 1135 ex
1501 1093 1625 1155 qua
1674 1071 1832 1133 falsa
1880 1070 2165 1133 lectione
2207 1091 2399 1134 error
2432 1071 2621 1134 ssuxit

1133 1176 1203 1233 in
1251 1176 1582 1256 catalogos
1616 1193 1847 1256 regum
1874 1172 2300 1237 Macedoniae
2349 1197 2384 1241 a
2425 1173 2618 1239 variis

1131 1276 1451 1357 vulgatos.
1500 1273 1760 1354 (L.·V11
1796 1274 1971 1354 me.)
2016 1275 2101 1335 At
2139 1274 2267 1355 jam
2314 1274 2622 1339 viderunt

1134 1374 1394 1451 eruditi,
1445 1376 1847 1458 hic-quoque
1877 1374 2230 1456 legendum
2289 1379 2623 1458 Aeropus.

1058 1500 1072 1517 κ
1132 1470 1491 1561 Perper-am
1548 1476 1705 1539 item
1752 1476 1857 1537 hic
1907 1496 2029 1537 rex
2079 1476 2145 1536 in
2190 1477 2623 1562 panegyrico,

1131 1600 1330 1664 quem
1382 1578 1699 1651 Nazarius
1745 1574 2140 1640 Constanino
2205 1578 2382 1661 Aug.
2431 1579 2626 1657 dixit,

1129 1696 1402 1746 vocatur
1453 1683 1729 1761 Eropus.
1779 1680 1969 1761 (Cap,
2001 1678 2138 1757 πο.)
2205 1679 2419 1763 Atque
2465 1684 2627 1745 haec

1133 1798 1358 1847 nostra
1400 1780 1601 1847 lectio
1633 1781 1972 1862 praeclare
2010 1779 2434 1851 confirmatur
2457 1796 2635 1845 ntro·

1068 1880 1071 1885 ’
1138 1906 1266 1969 que
1312 1884 1441 1947 hoc
1489 1877 1724 1958 numo,
1798 1901 1993 1964 quem
2051 1900 2269 1943 coram
2328 1884 2628 1950 stitimus.

1126 1990 1241 2049 ,Ex
1284 2006 1411 2069 quo
1446 1998 1675 2064 suapte
1701 1994 1912 2064 patet,
1964 1979 2030 2041 in
2063 1982 2381 2046 vocabulo
2413 1988 2630 2048 Aero-

1127 2111 1258 2170 pus
1316 2086 1573 2170 priores
1626 2085 1851 2146 literas
1910 2105 1990 2146 ae
2045 2104 2180 2145 non
2248 2106 2393 2147 esse
2444 2086 2632 2169 diph-

1020 2195 1026 2201 ’
1136 2204 1440 2271 tongum,
1511 2186 1627 2249 sed
1677 2183 1957 2248 diaeresi
2000 2185 2422 2268 separandas,
2473 2187 2629 2250 scri·

1135 2290 1356 2352 hendo
1406 2287 1709 2348 nimirum
1770 2288 2105 2367 Ae'ropus.
2159 2287 2469 2350 Ceterum
2517 2311 2630 2351 ne-

1138 2409 1325 2454 cesse
1359 2411 1491 2451 non
1522 2403 1619 2451 est
1653 2387 2029 2463 admonere,
2056 2386 2321 2449 modum
2356 2388 2630 2451 AEPO-

1136 2487 1272 2554 ΠΟ
1314 2512 1462 2554 esse
1507 2490 1826 2567 eundem,
1880 2509 2080 2571 quem·
2098 2490 2226 2570 jam
2254 2489 2320 2548 in
2353 2490 2626 2553 aliorum

1134 2593 1561 2656 Macedoniae
1615 2611 1847 2673 regum
1911 2576 2426 2673 numis'scripto
2476 2592 2630 2653 AP-

1133 2689 1509 2771 XEAAO,
1582 2686 2154 2753 ΑΛΕΞΑΝΔΡΟ
2210 2706 2332 2756 etc.
2405 2694 2624 2757 obser·

1137 2797 1450 2860 ravimus.
1996 2857 1998 2860 ,

1266 2897 1584 2977 Superest
1612 2891 1984 2975 inquirere,
2020 2892 2096 2954 ad
2149 2914 2342 2977 quem
2380 2917 2463 2958 ex
2492 2898 2633 2980 plu-

1138 2996 1321 3060 ribus
1338 2995 1675 3076 Aeropum
1704 2991 1772 3053 hi
1804 2993 1982 3055 numi
1997 2993 2392 3077 pertincant.
2421 2999 2634 3062 Omis-

1141 3119 1216 3162 so
1255 3095 1690 3161 vetustissimo
1743 3094 1894 3170 illo,
1950 3117 2143 3179 quem
2182 3099 2481 3166 nonnulli
2511 3100 2635 3181 ipsi

1140 3202 1394 3261 Carano
1442 3218 1797 3273 coaevum,
1873 3197 2027 3281 quin
2089 3213 2156 3262 et
2212 3198 2485 3265 fratrem
2542 3201 2633 3264 far

1144 3302 1360 3378 ciunt,
1898 3373 1901 3380 4

1271 3398 1638 3467 AEROPV
1644 3402 1687 3463 S
1739 3402 1789 3465 1.
1846 3414 2245 3464 memoratur
2294 3402 2375 3464 ab
2425 3405 2641 3467 Hero-

1148 3504 1338 3580 dot0,
1384 3503 1672 3586 Philippi
1707 3507 1755 3567 I.
1807 3503 1999 3570 filine.
2064 3504 2140 3585 (l.
2168 3508 2255 3585 c.)
2300 3505 2640 3567 Consentit

1144 3606 1461 3681 Iustinus,
1493 3605 1568 3684 (1.
1593 3607 1821 3690 c.)·qui
1855 3621 1922 3669 et
1947 3606 2162 3682 addit,
2196 3628 2428 3696 regem
2463 3607 2637 3669 hunc
2749 3669 2753 3673 .

1146 3707 1358 3789 adhuc
1427 3706 1738 3769 infantem
1791 3706 1972 3771 bello
2023 3709 2284 3790 Illyrico
2336 3709 2402 3769 in
2454 3707 2637 3771 eunis

1146 3819 1664 3890 praegestatum‚
1698 3835 1715 3844 ·
1744 3809 2014 3893 ejusque
2079 3810 2448 3892 praesentia
2509 3809 2646 3872 ani-

1148 3923 1358 3970 matos
1426 3907 1819 3970 Macedonas
1893 3910 2214 3992 insignem
2301 3910 2636 3974 victoriam

1148 4022 1545 4091 reportasse.
1639 4009 1909 4070 Factum
1954 4009 2126 4071 istud
2177 4011 2388 4084 refert
2443 4012 2637 4075 etiam

1149 4111 1444 4175 laudatus
1472 4132 1542 4171 su
1552 4130 1665 4196 pra
1684 4110 2019 4172 Nazarius.
2049 4112 2290 4176 Fertur
2323 4135 2635 4196 regnasse

1150 4235 1353 4278 annos
1391 4214 1630 4279 XXVI.
1666 4211 2313 4277 relicto-‘successore
2352 4213 2490 4279 filio
2524 4218 2637 4278 At-

1150 4332 1293 4381 ceta
1323 4315 1679 4381 secundum
1718 4316 2129 4380 Herodotum
2149 4330 2225 4393 ⁸et:
2253 4316 2634 4395 Eusebium,

1150 4440 1312 4503 quos
1356 4420 1724 4496 citavimus,
1796 4434 1861 4483 at
1921 4417 2279 4483 secundum
2323 4421 2635 4482 Iustinum

1148 4523 1428 4603 Amynta
1460 4525 1508 4584 Ι.
1551 4522 1758 4584 Aetas·
1785 4521 1975 4602 hujus
2006 4521 2184 4604 regis
2226 4521 2494 4584 nimium
2536 4543 2639 4585 re·

1150 4637 1361 4697 mota,
1406 4621 1515 4704 qui
1555 4636 1835 4686 exeunte
1880 4624 2089 4686 altero
2121 4622 2299 4686 urbis
2339 4624 2639 4689 conditae

1153 4723 1419 4786 saeculo
1482 4722 1654 4786 diem
1719 4724 1959 4800 obivit,
2037 4724 2233 4787 alium
2304 4727 2640 4810 respicere

1108 4901 1111 4902 7
1154 4826 1347 4910 hujus
1391 4824 1666 4888 nominis
1710 4847 1937 4909 regem
1982 4826 2185 4911 jubet.

2058 4925 2067 4968 t

2265 555 3332 683 ADDENDAff

2852 764 3292 840 AEROPVS.
3323 766 3404 831 11.
3431 765 3680 829 ‘Oresti
3713 772 3929 849 puero·
3947 767 4134 830 Arche·

2730 869 2820 931 lai-
2858 868 2999 930 filio
3062 867 3246 930 datus
3291 879 3470 929 tutor
3510 868 3828 950 pupillum
3863 868 4137 944 interficit,

2735 983 2803 1031 et
2844 969 2985 1052 ipse
3027 980 3284 1053 regnat.
3329 968 3638 1049 (Diodor.
3679 971 3762 1032 L.
3794 971 3948 1037 XIV.
3976 970 4140 1049 c.37.)

2735 1071 3045 1154 Agesilao
3078 1069 3156 1149 ab
3193 1069 3608 1165 expeditione
3642 1069 3913 1141 Asiatica
3945 1069 4142 1142 reduci,

2736 1186 2804 1236 et
2875 1193 2999 1255 per
3061 1171 3514 1258 Macedoniam
3553 1252 3566 1261 ‚
3597 1152 3857 1233 domum
3920 1170 4144 1234 tendenti

2737 1274 3111 1339 adversatus
3142 1272 3461 1356 primum,
3507 1272 3744 1338 deinde
3786 1295 3922 1337 cum
3952 1273 4142 1355 hospite

2735 1374 2965 1441 faedus
3008 1373 3147 1436 init.
3211 1374 3516 1455 (Polyen.
3563 1377 3764 1440 Strat.
3797 1372 4146 1454 L.1Lc.17.)

2734 1475 3058 1541 Mensulis
3103 1488 3172 1539 et
3212 1475 3571 1539 lucernulis
3606 1475 3980 1540 fabricandis
4014 1473 4148 1537 sedu-

2733 1578 2869 1641 lam
2928 1577 3191 1641 dedisse
3249 1599 3518 1662 operam
3558 1592 3784 1641 narrat
3821 1575 4146 1640 Plutarchus·

2729 1680 2842 1761 ,(ἰη
2874 1681 3173 1745 Demetr.
3201 1701 3266 1762 p.
3295 1680 3476 1760 897.)
3530 1680 3855 1763 Regnavit
3893 1699 4057 1742 annos
4087 1677 4151 1741 vl

2745 1780 3055 1864 (Diodon.
3099 1780 3148 1845 l.
3179 1782 3273 1862 c.)
3335 1791 3400 1842 et
3455 1783 3735 1844 moritur
3800 1782 3879 1849 V.
3913 1782 3977 1844 C.
4020 1774 4154 1841 circi·

2741 1894 2848 1945 ter
2886 1882 3036 1964 359.
3485 1883 3496 1897 ‘

2810 2055 2814 2059 ,
2868 1987 3084 2066 Atque
3128 1980 3281 2044 huic
3325 1981 3594 2065 Aeropo
3644 2003 3877 2046 numos
3914 1982 4017 2044 hos
4049 1997 4156 2041 esse

2739 2084 3158 2160 tribuendos,
3221 2082 3501 2145 dubitari
3559 2083 3814 2167 nequit.
3902 2080 4158 2145 Henricus

2741 2187 3131 2251 Dodwellus
3172 2184 3242 2244 in
3288 2185 3418 2247 suis
3462 2185 3771 2248 Annalib.
3809 2183 4066 2268 Thucyd.
4105 2180 4162 2244 ad

2744 2312 2893 2353 ann.
2953 2301 3100 2349 ante
3169 2287 3323 2350 Chr.
3368 2290 3515 2361 454.
3589 2286 3901 2351 audacter
3952 2283 4164 2354 adserit,

2746 2405 2815 2454 et
2876 2390 3187 2453 Orestem
3230 2388 3591 2472 pupillum,
3651 2401 3721 2450 et
3761 2391 4067 2470 Aeropum
4100 2397 4168 2444 tu·

2696 2502 2957 2556 'torem
3024 2512 3104 2554 ex
3160 2511 3393 2572 regum
3450 2487 3878 2552 Macedoniae
3934 2488 4165 2567 catalogo
4271 2542 4272 2549 ,

2746 2615 2893 2658 esse
2971 2591 3364 2675 ejiciendos,
3437 2590 3592 2674 quin
3643 2603 3712 2652 et
3775 2592 4083 2674 Aeropum
4122 2600 4170 2649 et

2745 2697 3142 2759 Archelaum
3206 2714 3408 2754 unum
3462 2712 3609 2755 esse
3668 2692 4058 2776 eundemque
4098 2709 4171 2749 re·

2747 2820 2924 2882 gem.
2983 2796 3425 2859 Temerariam
3456 2795 3583 2859 viri
3625 2794 3873 2858 eruditi
3910 2792 4176 2858 confiden-

2746 2901 2902 2962 tiam
2964 2899 3090 2982 jam
3151 2898 3548 2981 argumentis
3608 2895 3938 2966 historicis
3994 2893 4176 2959 evertit

2747 3000 3231 3085 Wesselingius
3287 2979 3370 3060 ad
3430 2997 3760 3061 laudatum
3807 2998 4068 3062 Diodori
4115 2995 4179 3055 lo-

2750 3122 2927 3179 cum,
3014 3115 3076 3163 at
3135 3121 3307 3164 nunc
3364 3100 3570 3166 multo
3629 3121 3782 3162 eam
3843 3100 4064 3163 certius
4117 3094 4181 3154 di-

2749 3203 3066 3286 sperdunt
3123 3202 3335 3279 numi,
3398 3223 3677 3286 quorum
3720 3203 3888 3265 alios
3929 3201 4181 3263 babemus

2753 3304 3096 3380 Archelai,
3140 3304 3302 3367 alios
3346 3322 3579 3365 recens
3622 3316 3931 3384 repertos
3964 3299 4182 3382 Aeropi.

3123 3491 3202 3551 P.
3219 3488 3328 3551 86.
3361 3487 3487 3547 col.
3513 3502 3575 3547 Ξ.
3602 3486 3866 3570 infime.

2879 3610 3120 3671 Nactus
3156 3621 3256 3669 est
3286 3605 3557 3668 illustris
3590 3605 3700 3669 hic
3738 3606 4083 3684 Pausaniae
4113 3625 4195 3666 nu·

2751 3732 2893 3773 mus
2937 3703 3290 3794 argenteus
3331 3707 3637 3771 comitem
3681 3729 3989 3772 aeneum.

2890 3815 3104 3893 Caput
3126 3812 3422 3891 juvenile
3445 3812 3926 3887 diadematmst.

2751 3909 2801 3970 ae
2836 3909 3376 3975 HATZANIA.
3418 3912 3556 3972 Leo
3610 3913 3938 3975 dimidius
3980 3912 4201 3975 saliens.

2750 4016 2892 4076 ΑΕ.
2929 4017 3043 4079 111.

2757 4191 2763 4197 ι
2873 4117 3043 4177 Eum
3122 4115 3317 4178 abbas
3405 4114 3704 4174 Sestinus
3764 4133 3854 4174 ex
3914 4114 4204 4198 locuplete

2748 4238 2973 4280 museo
3018 4215 3387 4280 Cousinerii
3431 4212 3655 4280 edidit.
3697 4215 4011 4296 (Lettere
4052 4219 4206 4279 Tum.

2749 4319 2836 4384 V.
2870 4309 3127 4402 p4V111.
3158 4320 3307 4400 IX.)
3364 4321 3855 4404 Integerrimmi
3903 4320 4092 4403 hujus
4127 4339 4214 4379 nu·

2750 4420 2843 4482 mi
2904 4419 3228 4483 beneficio
3283 4420 3645 4487 illustratur
3702 4444 3949 4487 numus
4008 4419 4215 4486 similli-

2752 4541 2895 4583 mns
2952 4522 3163 4584 musei
3222 4523 3563 4601 Caesarei,
3638 4547 3835 4606 quem
3902 4526 4059 4609 quia
4108 4542 4222 4604 spe·

2751 4623 2937 4684 etatis
2990 4623 3237 4707 aliquot
3296 4626 3502 4688 literis
3558 4647 3823 4690 mancus
3894 4640 4044 4704 est,
4096 4622 4221 4686 olim

2752 4723 2926 4786 inter
2973 4722 3263 4790 incertos
3306 4727 3661 4791 edideram.
3707 4728 4050 4811 (catalog.
4089 4746 4223 4787 mns-

2757 4827 2943 4893 Caes.
2967 4828 3221 4891 Toum.
3257 4849 3322 4913 p.
3346 4831 3491 4914 289.
3524 4843 3592 4892 et
3620 4829 3745 4893 tab.
3766 4830 3884 4893 V1.
3919 4851 4106 4894 num.
4126 4822 4226 4900 ιο.)
