<?xml version="1.0" encoding="UTF-8"?>
<!DOCTYPE html PUBLIC "-//W3C//DTD XHTML 1.0 Transitional//EN"
    "http://www.w3.org/TR/xhtml1/DTD/xhtml1-transitional.dtd">
<html xmlns="http://www.w3.org/1999/xhtml" xml:lang="en" lang="en">
 <head>
  <title>
</title>
<meta http-equiv="Content-Type" content="text/html;charset=utf-8" />
  <meta name='ocr-system' content='tesseract 3.04.00' />
  <meta name='ocr-capabilities' content='ocr_page ocr_carea ocr_par ocr_line ocrx_word'/>
</head>
<body>
  <div class='ocr_page' id='page_1' title='image "./doctrinanumorum04hohlgoog/doctrinanumorum04hohlgoog_0026.png"; bbox 0 0 4388 5576; ppageno 0'>
   <div class='ocr_carea' id='block_1_1' title="bbox 986 390 3036 537">
    <p class='ocr_par' dir='ltr' id='par_1_1' title="bbox 986 390 3036 537">
     <span class='ocr_line' id='line_1_1' title="bbox 986 390 3036 537; baseline 0.001 -19"><span class='ocrx_word' id='word_1_1' title='bbox 986 474 1079 534; x_wconf 76' lang='lat'><strong>10</strong></span> <span class='ocrx_word' id='word_1_2' title='bbox 1456 527 1463 537; x_wconf 63' lang='grc'>,</span> <span class='ocrx_word' id='word_1_3' title='bbox 2076 390 3036 522; x_wconf 67' lang='grc' dir='ltr'><strong>ΒΙοοιΕΤΙΑΝν5.“</strong></span> 
     </span>
    </p>
   </div>
   <div class='ocr_carea' id='block_1_2' title="bbox 979 616 2485 712">
    <p class='ocr_par' dir='ltr' id='par_1_2' title="bbox 979 616 2485 712">
     <span class='ocr_line' id='line_1_2' title="bbox 979 616 2485 712; baseline -0.002 -13"><span class='ocrx_word' id='word_1_4' title='bbox 979 641 1074 699; x_wconf 82' lang='lat' dir='ltr'><strong>ad</strong></span> <span class='ocrx_word' id='word_1_5' title='bbox 1101 639 1241 707; x_wconf 75' lang='lat' dir='ltr'><strong>eius</strong></span> <span class='ocrx_word' id='word_1_6' title='bbox 1267 636 1465 712; x_wconf 76' lang='lat' dir='ltr'><strong>pedes</strong></span> <span class='ocrx_word' id='word_1_7' title='bbox 1498 651 1718 693; x_wconf 81' lang='lat' dir='ltr'><strong>massa</strong></span> <span class='ocrx_word' id='word_1_8' title='bbox 1748 633 1998 694; x_wconf 78' lang='lat' dir='ltr'><strong>metalli</strong></span> <span class='ocrx_word' id='word_1_9' title='bbox 2012 675 2029 707; x_wconf 93' lang='lat'><strong>,</strong></span> <span class='ocrx_word' id='word_1_10' title='bbox 2074 637 2184 694; x_wconf 77' lang='lat' dir='ltr'><strong>cm·</strong></span> <span class='ocrx_word' id='word_1_11' title='bbox 2213 616 2306 695; x_wconf 76' lang='lat' dir='ltr'><strong>ad</strong></span> <span class='ocrx_word' id='word_1_12' title='bbox 2330 638 2485 696; x_wconf 75' lang='lat' dir='ltr'><strong>dea:-</strong></span> 
     </span>
    </p>
   </div>
   <div class='ocr_carea' id='block_1_3' title="bbox 860 736 2484 812">
    <p class='ocr_par' dir='ltr' id='par_1_3' title="bbox 860 736 2484 812">
     <span class='ocr_line' id='line_1_3' title="bbox 860 736 2484 812; baseline -0.001 -14"><span class='ocrx_word' id='word_1_13' title='bbox 860 749 869 761; x_wconf 87' lang='lat'><strong>·</strong></span> <span class='ocrx_word' id='word_1_14' title='bbox 981 748 1185 799; x_wconf 83' lang='lat' dir='ltr'><strong>teram</strong></span> <span class='ocrx_word' id='word_1_15' title='bbox 1221 740 1445 797; x_wconf 73' lang='lat' dir='ltr'><strong>adstat</strong></span> <span class='ocrx_word' id='word_1_16' title='bbox 1475 736 1762 812; x_wconf 75' lang='lat' dir='ltr'><strong>Iuppiter</strong></span> <span class='ocrx_word' id='word_1_17' title='bbox 1777 777 1793 807; x_wconf 91' lang='lat'><strong>,</strong></span> <span class='ocrx_word' id='word_1_18' title='bbox 1834 740 1926 796; x_wconf 83' lang='lat' dir='ltr'><strong>ad</strong></span> <span class='ocrx_word' id='word_1_19' title='bbox 1954 737 2290 796; x_wconf 73' lang='lat' dir='ltr'><strong>sinistram</strong></span> <span class='ocrx_word' id='word_1_20' title='bbox 2325 737 2484 796; x_wconf 85' lang='lat' dir='ltr'><strong>Her-</strong></span> 
     </span>
    </p>
   </div>
   <div class='ocr_carea' id='block_1_4' title="bbox 944 831 2481 1532">
    <p class='ocr_par' dir='ltr' id='par_1_4' title="bbox 980 831 2281 917">
     <span class='ocr_line' id='line_1_4' title="bbox 980 831 2281 917; baseline -0.004 -15"><span class='ocrx_word' id='word_1_21' title='bbox 980 843 1174 902; x_wconf 74' lang='lat' dir='ltr'><strong>cules.</strong></span> <span class='ocrx_word' id='word_1_22' title='bbox 1220 836 1361 897; x_wconf 85' lang='lat' dir='ltr'><strong>AE.</strong></span> <span class='ocrx_word' id='word_1_23' title='bbox 1394 856 1564 898; x_wconf 84' lang='lat' dir='ltr'><strong>max.</strong></span> <span class='ocrx_word' id='word_1_24' title='bbox 1598 831 1778 898; x_wconf 87' lang='lat' dir='ltr'><strong>mod.</strong></span> <span class='ocrx_word' id='word_1_25' title='bbox 1818 835 2019 917; x_wconf 80' lang='lat' dir='ltr'><strong>(Mus.</strong></span> <span class='ocrx_word' id='word_1_26' title='bbox 2058 835 2281 915; x_wconf 89' lang='lat' dir='ltr'><strong>Caes.)</strong></span> 
     </span>
    </p>

    <p class='ocr_par' dir='ltr' id='par_1_5' title="bbox 944 936 2481 1532">
     <span class='ocr_line' id='line_1_5' title="bbox 1110 936 2481 1024; baseline -0.004 -22"><span class='ocrx_word' id='word_1_27' title='bbox 1110 937 1311 1002; x_wconf 78' lang='lat' dir='ltr'><strong>obvii</strong></span> <span class='ocrx_word' id='word_1_28' title='bbox 1389 937 1745 1024; x_wconf 86' lang='lat' dir='ltr'><strong>utriusque</strong></span> <span class='ocrx_word' id='word_1_29' title='bbox 1807 936 2224 1023; x_wconf 82' lang='lat' dir='ltr'><strong>imperatoris</strong></span> <span class='ocrx_word' id='word_1_30' title='bbox 2299 936 2481 997; x_wconf 87' lang='lat' dir='ltr'><strong>numi</strong></span> 
     </span>
     <span class='ocr_line' id='line_1_6' title="bbox 980 1038 2479 1122; baseline 0 -20"><span class='ocrx_word' id='word_1_31' title='bbox 980 1041 1170 1103; x_wconf 89' lang='lat' dir='ltr'><strong>aenei</strong></span> <span class='ocrx_word' id='word_1_32' title='bbox 1242 1039 1559 1102; x_wconf 84' lang='lat' dir='ltr'><strong>maximae</strong></span> <span class='ocrx_word' id='word_1_33' title='bbox 1621 1038 1873 1100; x_wconf 83' lang='lat' dir='ltr'><strong>formae</strong></span> <span class='ocrx_word' id='word_1_34' title='bbox 1940 1038 2331 1122; x_wconf 85' lang='lat' dir='ltr'><strong>simpliciter</strong></span> <span class='ocrx_word' id='word_1_35' title='bbox 2383 1039 2479 1102; x_wconf 60' lang='lat' dir='ltr'><strong>in»-</strong></span> 
     </span>
     <span class='ocr_line' id='line_1_7' title="bbox 982 1140 2478 1225; baseline -0.001 -20"><span class='ocrx_word' id='word_1_36' title='bbox 982 1142 1241 1225; x_wconf 77' lang='lat' dir='ltr'><strong>scripti:</strong></span> <span class='ocrx_word' id='word_1_37' title='bbox 1303 1141 1706 1205; x_wconf 83' lang='grc' dir='ltr'><strong>ΜΟΝΕΤΔ.</strong></span> <span class='ocrx_word' id='word_1_38' title='bbox 1764 1140 2028 1209; x_wconf 83' lang='lat' dir='ltr'><strong>AVGG.</strong></span> <span class='ocrx_word' id='word_1_39' title='bbox 2073 1145 2230 1225; x_wconf 83' lang='lat' dir='ltr'><strong>typo</strong></span> <span class='ocrx_word' id='word_1_40' title='bbox 2282 1141 2478 1204; x_wconf 86' lang='lat' dir='ltr'><strong>solito</strong></span> 
     </span>
     <span class='ocr_line' id='line_1_8' title="bbox 978 1244 2478 1307; baseline 0 -2"><span class='ocrx_word' id='word_1_41' title='bbox 978 1244 1177 1305; x_wconf 86' lang='lat' dir='ltr'><strong>trium</strong></span> <span class='ocrx_word' id='word_1_42' title='bbox 1245 1245 1680 1307; x_wconf 86' lang='lat' dir='ltr'><strong>Monetarum.</strong></span> <span class='ocrx_word' id='word_1_43' title='bbox 1768 1244 2092 1306; x_wconf 73' lang='lat' dir='ltr'><strong>Praesens</strong></span> <span class='ocrx_word' id='word_1_44' title='bbox 2153 1244 2478 1305; x_wconf 77' lang='lat' dir='ltr'>illustrior</span> 
     </span>
     <span class='ocr_line' id='line_1_9' title="bbox 985 1344 2477 1430; baseline 0.002 -23"><span class='ocrx_word' id='word_1_45' title='bbox 985 1345 1072 1407; x_wconf 89' lang='lat' dir='ltr'><strong>ob</strong></span> <span class='ocrx_word' id='word_1_46' title='bbox 1120 1344 1344 1409; x_wconf 86' lang='lat' dir='ltr'><strong>titulos</strong></span> <span class='ocrx_word' id='word_1_47' title='bbox 1386 1352 1560 1411; x_wconf 72' lang='lat' dir='ltr'><strong>Ionii</strong></span> <span class='ocrx_word' id='word_1_48' title='bbox 1605 1359 1673 1409; x_wconf 90' lang='lat' dir='ltr'><strong>et</strong></span> <span class='ocrx_word' id='word_1_49' title='bbox 1720 1350 2045 1424; x_wconf 75' lang='lat' dir='ltr'><strong>Herculii,</strong></span> <span class='ocrx_word' id='word_1_50' title='bbox 2110 1346 2192 1411; x_wconf 91' lang='lat' dir='ltr'><strong>de</strong></span> <span class='ocrx_word' id='word_1_51' title='bbox 2244 1346 2477 1430; x_wconf 87' lang='lat' dir='ltr'><strong>quibus</strong></span> 
     </span>
     <span class='ocr_line' id='line_1_10' title="bbox 944 1445 2135 1532; baseline 0.006 -23"><span class='ocrx_word' id='word_1_52' title='bbox 944 1474 945 1477; x_wconf 40' lang='lat'>¹</span> <span class='ocrx_word' id='word_1_53' title='bbox 981 1445 1062 1509; x_wconf 86' lang='lat' dir='ltr'><strong>ad</strong></span> <span class='ocrx_word' id='word_1_54' title='bbox 1107 1468 1337 1525; x_wconf 81' lang='lat' dir='ltr'><strong>numos</strong></span> <span class='ocrx_word' id='word_1_55' title='bbox 1380 1448 1858 1532; x_wconf 77' lang='lat' dir='ltr'><strong>praecedentes</strong></span> <span class='ocrx_word' id='word_1_56' title='bbox 1900 1463 2135 1516; x_wconf 84' lang='lat' dir='ltr'><strong>actum.</strong></span> 
     </span>
    </p>
   </div>
   <div class='ocr_carea' id='block_1_5' title="bbox 1436 1621 1921 1701">
    <p class='ocr_par' dir='ltr' id='par_1_6' title="bbox 1436 1621 1921 1701">
     <span class='ocr_line' id='line_1_11' title="bbox 1436 1621 1921 1701; baseline 0 0"><span class='ocrx_word' id='word_1_57' title='bbox 1436 1667 1442 1673; x_wconf 92' lang='grc'><strong>“</strong></span> <span class='ocrx_word' id='word_1_58' title='bbox 1548 1665 1587 1701; x_wconf 56' lang='lat' dir='ltr'><strong>fit</strong></span> <span class='ocrx_word' id='word_1_59' title='bbox 1713 1621 1749 1658; x_wconf 61' lang='lat'><em>*</em></span> <span class='ocrx_word' id='word_1_60' title='bbox 1878 1664 1921 1701; x_wconf 50' lang='grc' dir='ltr'>ἃ</span> 
     </span>
    </p>
   </div>
   <div class='ocr_carea' id='block_1_6' title="bbox 954 1759 2476 4499">
    <p class='ocr_par' dir='ltr' id='par_1_7' title="bbox 969 1759 2476 2427">
     <span class='ocr_line' id='line_1_12' title="bbox 1262 1759 2294 1841; baseline 0.006 -24"><span class='ocrx_word' id='word_1_61' title='bbox 1262 1759 1504 1827; x_wconf 74' lang='lat' dir='ltr'><strong>Amica</strong></span> <span class='ocrx_word' id='word_1_62' title='bbox 1540 1764 1747 1820; x_wconf 75' lang='lat' dir='ltr'><strong>varia.</strong></span> <span class='ocrx_word' id='word_1_63' title='bbox 2249 1810 2256 1815; x_wconf 77' lang='lat'><strong>.</strong></span> <span class='ocrx_word' id='word_1_64' title='bbox 2285 1836 2294 1841; x_wconf 28' lang='grc' dir='ltr'><strong><em>Ι</em></strong></span> 
     </span>
     <span class='ocr_line' id='line_1_13' title="bbox 974 1856 2476 1926; baseline 0.001 -9"><span class='ocrx_word' id='word_1_65' title='bbox 974 1857 1068 1920; x_wconf 82' lang='grc' dir='ltr'><strong>Μ.</strong></span> <span class='ocrx_word' id='word_1_66' title='bbox 1124 1856 1428 1923; x_wconf 81' lang='lat' dir='ltr'><strong>SACRA.</strong></span> <span class='ocrx_word' id='word_1_67' title='bbox 1477 1859 1544 1918; x_wconf 90' lang='lat' dir='ltr'><strong>in</strong></span> <span class='ocrx_word' id='word_1_68' title='bbox 1591 1859 1770 1926; x_wconf 84' lang='lat' dir='ltr'><strong>aliis:</strong></span> <span class='ocrx_word' id='word_1_69' title='bbox 1829 1860 2243 1923; x_wconf 79' lang='lat' dir='ltr'><strong>MONETA.</strong></span> <span class='ocrx_word' id='word_1_70' title='bbox 2292 1859 2358 1919; x_wconf 90' lang='lat' dir='ltr'><strong>S.</strong></span> <span class='ocrx_word' id='word_1_71' title='bbox 2404 1864 2476 1920; x_wconf 74' lang='lat' dir='ltr'><strong>in</strong></span> 
     </span>
     <span class='ocr_line' id='line_1_14' title="bbox 977 1943 2470 2029; baseline -0.002 -9"><span class='ocrx_word' id='word_1_72' title='bbox 977 1963 1176 2023; x_wconf 62' lang='lat' dir='ltr'><strong>alm.-</strong></span> <span class='ocrx_word' id='word_1_73' title='bbox 1236 1943 1542 2021; x_wconf 51' lang='lat' dir='ltr'><strong>sites-A:</strong></span> <span class='ocrx_word' id='word_1_74' title='bbox 1598 1957 1942 2028; x_wconf 78' lang='grc' dir='ltr'><strong>ΜΟΝΕΤ.</strong></span> <span class='ocrx_word' id='word_1_75' title='bbox 1996 1960 2270 2029; x_wconf 78' lang='lat' dir='ltr'><strong>AvGG.</strong></span> <span class='ocrx_word' id='word_1_76' title='bbox 2328 1959 2470 2021; x_wconf 76' lang='lat' dir='ltr'><strong>ET.</strong></span> 
     </span>
     <span class='ocr_line' id='line_1_15' title="bbox 973 2059 2469 2127; baseline -0.001 -6"><span class='ocrx_word' id='word_1_77' title='bbox 973 2059 1269 2123; x_wconf 77' lang='lat' dir='ltr'><strong>CAESS.</strong></span> <span class='ocrx_word' id='word_1_78' title='bbox 1341 2061 1664 2124; x_wconf 85' lang='lat' dir='ltr'><strong>NOSTR.</strong></span> <span class='ocrx_word' id='word_1_79' title='bbox 1742 2069 1813 2126; x_wconf 74' lang='lat' dir='ltr'><strong>in</strong></span> <span class='ocrx_word' id='word_1_80' title='bbox 1889 2070 2083 2127; x_wconf 72' lang='lat' dir='ltr'><strong>aliis:</strong></span> <span class='ocrx_word' id='word_1_81' title='bbox 2163 2061 2469 2123; x_wconf 83' lang='lat' dir='ltr'><strong>SACRA.</strong></span> 
     </span>
     <span class='ocr_line' id='line_1_16' title="bbox 971 2162 2470 2231; baseline 0.003 -9"><span class='ocrx_word' id='word_1_82' title='bbox 971 2162 1193 2224; x_wconf 81' lang='lat' dir='ltr'><strong>MON.</strong></span> <span class='ocrx_word' id='word_1_83' title='bbox 1242 2163 1442 2229; x_wconf 82' lang='lat' dir='ltr'><strong>VRB.</strong></span> <span class='ocrx_word' id='word_1_84' title='bbox 1492 2163 1756 2231; x_wconf 80' lang='lat' dir='ltr'><strong>AVGG.</strong></span> <span class='ocrx_word' id='word_1_85' title='bbox 1804 2167 1945 2226; x_wconf 78' lang='grc' dir='ltr'><strong>ΕΤ.</strong></span> <span class='ocrx_word' id='word_1_86' title='bbox 1990 2164 2285 2226; x_wconf 81' lang='lat' dir='ltr'><strong>CAESS.</strong></span> <span class='ocrx_word' id='word_1_87' title='bbox 2327 2164 2470 2226; x_wconf 89' lang='lat' dir='ltr'><strong>NN.</strong></span> 
     </span>
     <span class='ocr_line' id='line_1_17' title="bbox 972 2269 2467 2345; baseline -0.003 -15"><span class='ocrx_word' id='word_1_88' title='bbox 972 2269 1211 2330; x_wconf 78' lang='lat' dir='ltr'><strong>Mulier</strong></span> <span class='ocrx_word' id='word_1_89' title='bbox 1242 2277 1423 2328; x_wconf 79' lang='lat' dir='ltr'><strong>stans</strong></span> <span class='ocrx_word' id='word_1_90' title='bbox 1452 2271 1516 2329; x_wconf 86' lang='lat' dir='ltr'><strong>d.</strong></span> <span class='ocrx_word' id='word_1_91' title='bbox 1553 2270 1893 2342; x_wconf 77' lang='lat' dir='ltr'><strong>bilancem,</strong></span> <span class='ocrx_word' id='word_1_92' title='bbox 1939 2290 1991 2330; x_wconf 83' lang='lat' dir='ltr'><strong>s.</strong></span> <span class='ocrx_word' id='word_1_93' title='bbox 2027 2270 2467 2345; x_wconf 70' lang='lat' dir='ltr'><strong>cornucopiae.</strong></span> 
     </span>
     <span class='ocr_line' id='line_1_18' title="bbox 969 2364 1239 2427; baseline 0.004 -2"><span class='ocrx_word' id='word_1_94' title='bbox 969 2364 1113 2425; x_wconf 83' lang='grc' dir='ltr'><strong>ΑΕ.</strong></span> <span class='ocrx_word' id='word_1_95' title='bbox 1159 2366 1239 2427; x_wconf 80' lang='lat' dir='ltr'><strong>tr.</strong></span> 
     </span>
    </p>

    <p class='ocr_par' dir='ltr' id='par_1_8' title="bbox 962 2466 2466 3065">
     <span class='ocr_line' id='line_1_19' title="bbox 1100 2466 2461 2555; baseline 0.007 -29"><span class='ocrx_word' id='word_1_96' title='bbox 1100 2466 1297 2527; x_wconf 86' lang='lat' dir='ltr'><strong>Numi</strong></span> <span class='ocrx_word' id='word_1_97' title='bbox 1329 2487 1454 2550; x_wconf 90' lang='lat' dir='ltr'><strong>per</strong></span> <span class='ocrx_word' id='word_1_98' title='bbox 1488 2470 1617 2532; x_wconf 88' lang='lat' dir='ltr'><strong>hoc</strong></span> <span class='ocrx_word' id='word_1_99' title='bbox 1658 2470 2014 2553; x_wconf 85' lang='lat' dir='ltr'><strong>imperium</strong></span> <span class='ocrx_word' id='word_1_100' title='bbox 2055 2469 2461 2555; x_wconf 85' lang='lat' dir='ltr'><strong>frequentes.</strong></span> 
     </span>
     <span class='ocr_line' id='line_1_20' title="bbox 969 2571 2465 2656; baseline 0.005 -26"><span class='ocrx_word' id='word_1_101' title='bbox 969 2571 1270 2646; x_wconf 79' lang='lat' dir='ltr'><strong>Moneta,</strong></span> <span class='ocrx_word' id='word_1_102' title='bbox 1319 2590 1510 2653; x_wconf 88' lang='lat' dir='ltr'><strong>quam</strong></span> <span class='ocrx_word' id='word_1_103' title='bbox 1557 2572 1803 2654; x_wconf 84' lang='lat' dir='ltr'><strong>privata</strong></span> <span class='ocrx_word' id='word_1_104' title='bbox 1840 2571 2103 2655; x_wconf 87' lang='lat' dir='ltr'><strong>quidem</strong></span> <span class='ocrx_word' id='word_1_105' title='bbox 2144 2572 2465 2656; x_wconf 79' lang='lat' dir='ltr'><strong>cupiditas</strong></span> 
     </span>
     <span class='ocr_line' id='line_1_21' title="bbox 970 2672 2466 2758; baseline 0.002 -24"><span class='ocrx_word' id='word_1_106' title='bbox 970 2672 1152 2734; x_wconf 88' lang='lat' dir='ltr'><strong>omni</strong></span> <span class='ocrx_word' id='word_1_107' title='bbox 1212 2692 1408 2749; x_wconf 80' lang='lat' dir='ltr'><strong>aevo,</strong></span> <span class='ocrx_word' id='word_1_108' title='bbox 1480 2688 1544 2736; x_wconf 85' lang='lat' dir='ltr'><strong>at</strong></span> <span class='ocrx_word' id='word_1_109' title='bbox 1601 2693 1931 2757; x_wconf 87' lang='lat' dir='ltr'><strong>nunquam</strong></span> <span class='ocrx_word' id='word_1_110' title='bbox 1993 2688 2142 2737; x_wconf 89' lang='lat' dir='ltr'><strong>ante</strong></span> <span class='ocrx_word' id='word_1_111' title='bbox 2203 2674 2466 2758; x_wconf 87' lang='lat' dir='ltr'><strong>publica</strong></span> 
     </span>
     <span class='ocr_line' id='line_1_22' title="bbox 963 2775 2464 2861; baseline 0.003 -25"><span class='ocrx_word' id='word_1_112' title='bbox 963 2776 1414 2860; x_wconf 61' lang='lat' dir='ltr'><strong>Romanorum</strong></span> <span class='ocrx_word' id='word_1_113' title='bbox 1471 2778 1881 2842; x_wconf 84' lang='lat' dir='ltr'><strong>consecravit</strong></span> <span class='ocrx_word' id='word_1_114' title='bbox 1935 2775 2290 2861; x_wconf 85' lang='lat' dir='ltr'><strong>designatis</strong></span> <span class='ocrx_word' id='word_1_115' title='bbox 2335 2779 2464 2841; x_wconf 87' lang='lat' dir='ltr'><strong>aris</strong></span> 
     </span>
     <span class='ocr_line' id='line_1_23' title="bbox 962 2875 2465 2963; baseline 0.003 -24"><span class='ocrx_word' id='word_1_116' title='bbox 962 2875 1359 2963; x_wconf 81' lang='lat' dir='ltr'><strong>templisque</strong></span> <span class='ocrx_word' id='word_1_117' title='bbox 1396 2899 1584 2941; x_wconf 84' lang='lat' dir='ltr'><strong>more</strong></span> <span class='ocrx_word' id='word_1_118' title='bbox 1624 2879 1903 2942; x_wconf 85' lang='lat' dir='ltr'><strong>aliorum</strong></span> <span class='ocrx_word' id='word_1_119' title='bbox 1934 2880 2273 2942; x_wconf 88' lang='lat' dir='ltr'><strong>numinum</strong></span> <span class='ocrx_word' id='word_1_120' title='bbox 2309 2880 2465 2945; x_wconf 82' lang='lat' dir='ltr'><strong>alle·</strong></span> 
     </span>
     <span class='ocr_line' id='line_1_24' title="bbox 965 2981 2262 3065; baseline -0.001 -22"><span class='ocrx_word' id='word_1_121' title='bbox 965 2981 1379 3061; x_wconf 84' lang='lat' dir='ltr'><strong>goricorum,</strong></span> <span class='ocrx_word' id='word_1_122' title='bbox 1431 2995 1597 3043; x_wconf 83' lang='lat' dir='ltr'><strong>teste</strong></span> <span class='ocrx_word' id='word_1_123' title='bbox 1643 2983 1787 3065; x_wconf 87' lang='lat' dir='ltr'><strong>ipso</strong></span> <span class='ocrx_word' id='word_1_124' title='bbox 1834 2982 2128 3045; x_wconf 80' lang='lat' dir='ltr'><strong>Iuvenali</strong></span> <span class='ocrx_word' id='word_1_125' title='bbox 2160 2984 2262 3063; x_wconf 76' lang='lat'><strong>⁸):</strong></span> 
     </span>
    </p>

    <p class='ocr_par' dir='ltr' id='par_1_9' title="bbox 1451 3087 2465 3167">
     <span class='ocr_line' id='line_1_25' title="bbox 1451 3087 2465 3167; baseline 0.004 -21"><span class='ocrx_word' id='word_1_126' title='bbox 1451 3088 1574 3146; x_wconf 75' lang='lat' dir='ltr'><strong>etsi</strong></span> <span class='ocrx_word' id='word_1_127' title='bbox 1607 3087 1876 3164; x_wconf 79' lang='lat' dir='ltr'><strong>funesta</strong></span> <span class='ocrx_word' id='word_1_128' title='bbox 1910 3092 2193 3165; x_wconf 75' lang='lat' dir='ltr'><strong>pecunia</strong></span> <span class='ocrx_word' id='word_1_129' title='bbox 2237 3092 2465 3167; x_wconf 82' lang='lat' dir='ltr'><strong>templo</strong></span> 
     </span>
    </p>

    <p class='ocr_par' dir='ltr' id='par_1_10' title="bbox 1051 3176 2464 3262">
     <span class='ocr_line' id='line_1_26' title="bbox 1051 3176 2464 3262; baseline 0.001 -14"><span class='ocrx_word' id='word_1_130' title='bbox 1051 3176 1350 3248; x_wconf 63' lang='lat' dir='ltr'><strong>Nondum</strong></span> <span class='ocrx_word' id='word_1_131' title='bbox 1384 3190 1641 3249; x_wconf 75' lang='lat' dir='ltr'><strong>habitas</strong></span> <span class='ocrx_word' id='word_1_132' title='bbox 1659 3232 1674 3262; x_wconf 89' lang='lat'><strong>,</strong></span> <span class='ocrx_word' id='word_1_133' title='bbox 1720 3191 1937 3250; x_wconf 78' lang='lat' dir='ltr'><strong>nullas</strong></span> <span class='ocrx_word' id='word_1_134' title='bbox 1969 3208 2305 3250; x_wconf 76' lang='lat' dir='ltr'><strong>numerum</strong></span> <span class='ocrx_word' id='word_1_135' title='bbox 2332 3208 2464 3250; x_wconf 81' lang='lat' dir='ltr'><strong>ere·</strong></span> 
     </span>
    </p>

    <p class='ocr_par' dir='ltr' id='par_1_11' title="bbox 1897 3294 2331 3363">
     <span class='ocr_line' id='line_1_27' title="bbox 1897 3294 2331 3363; baseline -0.002 -12"><span class='ocrx_word' id='word_1_136' title='bbox 1897 3294 2113 3351; x_wconf 74' lang='lat' dir='ltr'><strong>ximus</strong></span> <span class='ocrx_word' id='word_1_137' title='bbox 2157 3312 2331 3363; x_wconf 82' lang='lat' dir='ltr'><strong>aras,</strong></span> 
     </span>
    </p>

    <p class='ocr_par' dir='ltr' id='par_1_12' title="bbox 954 3387 2464 4499">
     <span class='ocr_line' id='line_1_28' title="bbox 963 3387 2464 3466; baseline 0.003 -17"><span class='ocrx_word' id='word_1_138' title='bbox 963 3408 1136 3457; x_wconf 88' lang='lat' dir='ltr'><strong>nunc</strong></span> <span class='ocrx_word' id='word_1_139' title='bbox 1191 3387 1451 3461; x_wconf 81' lang='lat' dir='ltr'><strong>tandem</strong></span> <span class='ocrx_word' id='word_1_140' title='bbox 1518 3391 1802 3453; x_wconf 83' lang='lat' dir='ltr'><strong>SACRA</strong></span> <span class='ocrx_word' id='word_1_141' title='bbox 1871 3388 2140 3466; x_wconf 87' lang='lat' dir='ltr'><strong>dicitur,</strong></span> <span class='ocrx_word' id='word_1_142' title='bbox 2208 3389 2464 3453; x_wconf 79' lang='lat' dir='ltr'><strong>scilicet</strong></span> 
     </span>
     <span class='ocr_line' id='line_1_29' title="bbox 961 3491 2463 3578; baseline -0.001 -25"><span class='ocrx_word' id='word_1_143' title='bbox 961 3503 1242 3575; x_wconf 86' lang='lat' dir='ltr'><strong>propter</strong></span> <span class='ocrx_word' id='word_1_144' title='bbox 1284 3491 1577 3578; x_wconf 86' lang='lat' dir='ltr'><strong>ingentia</strong></span> <span class='ocrx_word' id='word_1_145' title='bbox 1630 3493 2109 3568; x_wconf 88' lang='lat' dir='ltr'><strong>emolumenta,</strong></span> <span class='ocrx_word' id='word_1_146' title='bbox 2172 3513 2338 3577; x_wconf 88' lang='lat' dir='ltr'><strong>quae</strong></span> <span class='ocrx_word' id='word_1_147' title='bbox 2394 3492 2463 3552; x_wconf 90' lang='lat' dir='ltr'><strong>in</strong></span> 
     </span>
     <span class='ocr_line' id='line_1_30' title="bbox 959 3593 2460 3680; baseline 0.001 -24"><span class='ocrx_word' id='word_1_148' title='bbox 959 3613 1171 3676; x_wconf 85' lang='lat' dir='ltr'><strong>genus</strong></span> <span class='ocrx_word' id='word_1_149' title='bbox 1224 3593 1577 3660; x_wconf 88' lang='lat' dir='ltr'><strong>humanum</strong></span> <span class='ocrx_word' id='word_1_150' title='bbox 1626 3593 1919 3672; x_wconf 86' lang='lat' dir='ltr'><strong>confert,</strong></span> <span class='ocrx_word' id='word_1_151' title='bbox 1990 3616 2131 3680; x_wconf 89' lang='lat' dir='ltr'><strong>quo.</strong></span> <span class='ocrx_word' id='word_1_152' title='bbox 2171 3608 2460 3673; x_wconf 83' lang='lat' dir='ltr'><strong>cavetur,</strong></span> 
     </span>
     <span class='ocr_line' id='line_1_31' title="bbox 956 3696 2462 3782; baseline 0.001 -26"><span class='ocrx_word' id='word_1_153' title='bbox 956 3716 1044 3759; x_wconf 82' lang='lat' dir='ltr'><strong>ne</strong></span> <span class='ocrx_word' id='word_1_154' title='bbox 1092 3715 1210 3758; x_wconf 82' lang='lat' dir='ltr'><strong>seu</strong></span> <span class='ocrx_word' id='word_1_155' title='bbox 1260 3696 1721 3774; x_wconf 81' lang='lat' dir='ltr'><strong>adulterandO,</strong></span> <span class='ocrx_word' id='word_1_156' title='bbox 1782 3719 1900 3761; x_wconf 83' lang='lat' dir='ltr'><strong>seu</strong></span> <span class='ocrx_word' id='word_1_157' title='bbox 1948 3696 2207 3782; x_wconf 61' lang='lat' dir='ltr'><strong>po&#39;ndus</strong></span> <span class='ocrx_word' id='word_1_158' title='bbox 2255 3696 2462 3758; x_wconf 86' lang='lat' dir='ltr'><strong>minu·</strong></span> 
     </span>
     <span class='ocr_line' id='line_1_32' title="bbox 961 3798 2460 3883; baseline 0.001 -23"><span class='ocrx_word' id='word_1_159' title='bbox 961 3798 1136 3860; x_wconf 90' lang='lat' dir='ltr'><strong>endo</strong></span> <span class='ocrx_word' id='word_1_160' title='bbox 1183 3798 1508 3873; x_wconf 83' lang='lat' dir='ltr'><strong>violetur,</strong></span> <span class='ocrx_word' id='word_1_161' title='bbox 1552 3798 2001 3883; x_wconf 84' lang='lat' dir='ltr'><strong>habeaturque</strong></span> <span class='ocrx_word' id='word_1_162' title='bbox 2051 3811 2460 3862; x_wconf 85' lang='lat' dir='ltr'><strong>sacrosancta</strong></span> 
     </span>
     <span class='ocr_line' id='line_1_33' title="bbox 961 3898 2463 3985; baseline 0.002 -24"><span class='ocrx_word' id='word_1_163' title='bbox 961 3898 1329 3962; x_wconf 84' lang='lat' dir='ltr'><strong>constitutis</strong></span> <span class='ocrx_word' id='word_1_164' title='bbox 1392 3915 1691 3985; x_wconf 76' lang='lat' dir='ltr'><strong>tanquam</strong></span> <span class='ocrx_word' id='word_1_165' title='bbox 1751 3903 1817 3962; x_wconf 87' lang='lat' dir='ltr'><strong>in</strong></span> <span class='ocrx_word' id='word_1_166' title='bbox 1890 3902 2251 3984; x_wconf 80' lang='lat' dir='ltr'><strong>sacrilegos</strong></span> <span class='ocrx_word' id='word_1_167' title='bbox 2304 3922 2463 3985; x_wconf 85' lang='lat' dir='ltr'><strong>poe-</strong></span> 
     </span>
     <span class='ocr_line' id='line_1_34' title="bbox 957 4001 2459 4088; baseline 0.003 -27"><span class='ocrx_word' id='word_1_168' title='bbox 957 4001 1097 4079; x_wconf 86' lang='lat' dir='ltr'><strong>nis,</strong></span> <span class='ocrx_word' id='word_1_169' title='bbox 1162 4015 1235 4063; x_wconf 90' lang='lat' dir='ltr'><strong>ut</strong></span> <span class='ocrx_word' id='word_1_170' title='bbox 1294 4005 1684 4065; x_wconf 77' lang='lat' dir='ltr'><strong>constitutae</strong></span> <span class='ocrx_word' id='word_1_171' title='bbox 1747 4003 1937 4065; x_wconf 82' lang='lat' dir='ltr'><strong>fuere</strong></span> <span class='ocrx_word' id='word_1_172' title='bbox 1996 4004 2065 4064; x_wconf 89' lang='lat' dir='ltr'><strong>in</strong></span> <span class='ocrx_word' id='word_1_173' title='bbox 2132 4023 2278 4080; x_wconf 88' lang='lat' dir='ltr'><strong>eos,</strong></span> <span class='ocrx_word' id='word_1_174' title='bbox 2348 4004 2459 4088; x_wconf 88' lang='lat' dir='ltr'><strong>qui</strong></span> 
     </span>
     <span class='ocr_line' id='line_1_35' title="bbox 954 4090 2455 4191; baseline 0 -23"><span class='ocrx_word' id='word_1_175' title='bbox 954 4104 1373 4168; x_wconf 87' lang='lat' dir='ltr'><strong>tribunorum</strong></span> <span class='ocrx_word' id='word_1_176' title='bbox 1402 4108 1499 4189; x_wconf 87' lang='lat' dir='ltr'><strong>pl.</strong></span> <span class='ocrx_word' id='word_1_177' title='bbox 1520 4125 1799 4191; x_wconf 85' lang='lat' dir='ltr'><strong>corpora</strong></span> <span class='ocrx_word' id='word_1_178' title='bbox 1830 4090 2083 4170; x_wconf 59' lang='lat' dir='ltr'><strong>vio&#39;lare</strong></span> <span class='ocrx_word' id='word_1_179' title='bbox 2116 4106 2255 4170; x_wconf 87' lang='lat' dir='ltr'><strong>ausi</strong></span> <span class='ocrx_word' id='word_1_180' title='bbox 2289 4119 2455 4168; x_wconf 86' lang='lat' dir='ltr'><strong>sunt.</strong></span> 
     </span>
     <span class='ocr_line' id='line_1_36' title="bbox 955 4199 2458 4293; baseline -0.001 -19"><span class='ocrx_word' id='word_1_181' title='bbox 955 4199 1179 4283; x_wconf 76' lang='lat' dir='ltr'><strong>Vide,¹</strong></span> <span class='ocrx_word' id='word_1_182' title='bbox 1222 4228 1386 4293; x_wconf 86' lang='lat' dir='ltr'><strong>quae</strong></span> <span class='ocrx_word' id='word_1_183' title='bbox 1437 4209 1517 4270; x_wconf 87' lang='lat' dir='ltr'><strong>ad</strong></span> <span class='ocrx_word' id='word_1_184' title='bbox 1574 4208 1699 4271; x_wconf 86' lang='lat' dir='ltr'><strong>hoc</strong></span> <span class='ocrx_word' id='word_1_185' title='bbox 1752 4224 2214 4293; x_wconf 78' lang='lat' dir='ltr'><strong>argumentum</strong></span> <span class='ocrx_word' id='word_1_186' title='bbox 2267 4210 2458 4292; x_wconf 84' lang='lat' dir='ltr'><strong>plura</strong></span> 
     </span>
     <span class='ocr_line' id='line_1_37' title="bbox 958 4311 2455 4395; baseline 0.001 -20"><span class='ocrx_word' id='word_1_187' title='bbox 958 4324 1432 4375; x_wconf 88' lang='lat' dir='ltr'><strong>commemorat</strong></span> <span class='ocrx_word' id='word_1_188' title='bbox 1467 4311 1901 4394; x_wconf 78' lang='lat' dir='ltr'><strong>spanhemius</strong></span> <span class='ocrx_word' id='word_1_189' title='bbox 1930 4311 2016 4395; x_wconf 81' lang='lat'><strong>¹²).</strong></span> <span class='ocrx_word' id='word_1_190' title='bbox 2069 4318 2284 4376; x_wconf 81' lang='lat' dir='ltr'><strong>Sacra</strong></span> <span class='ocrx_word' id='word_1_191' title='bbox 2326 4335 2455 4377; x_wconf 86' lang='lat' dir='ltr'><strong>mo·</strong></span> 
     </span>
     <span class='ocr_line' id='line_1_38' title="bbox 957 4413 2455 4499; baseline -0.001 -22"><span class='ocrx_word' id='word_1_192' title='bbox 957 4425 1108 4477; x_wconf 78' lang='lat' dir='ltr'><strong>ncta</strong></span> <span class='ocrx_word' id='word_1_193' title='bbox 1168 4418 1349 4476; x_wconf 75' lang='lat' dir='ltr'><strong>urbis</strong></span> <span class='ocrx_word' id='word_1_194' title='bbox 1412 4413 1726 4499; x_wconf 80' lang='lat' dir='ltr'><strong>deinceps</strong></span> <span class='ocrx_word' id='word_1_195' title='bbox 1787 4416 1983 4479; x_wconf 87' lang='lat' dir='ltr'><strong>etiam</strong></span> <span class='ocrx_word' id='word_1_196' title='bbox 2044 4415 2455 4498; x_wconf 79' lang='lat' dir='ltr'><strong>frequentius</strong></span> 
     </span>
    </p>
   </div>
   <div class='ocr_carea' id='block_1_7' title="bbox 934 4608 2412 4822">
    <p class='ocr_par' dir='ltr' id='par_1_13' title="bbox 934 4608 2412 4822">
     <span class='ocr_line' id='line_1_39' title="bbox 934 4608 2412 4728; baseline 0.004 -27"><span class='ocrx_word' id='word_1_197' title='bbox 934 4621 941 4626; x_wconf 87' lang='lat'><strong>.</strong></span> <span class='ocrx_word' id='word_1_198' title='bbox 1030 4650 1094 4717; x_wconf 87' lang='lat' dir='ltr'><strong>a)</strong></span> <span class='ocrx_word' id='word_1_199' title='bbox 1129 4646 1246 4701; x_wconf 87' lang='lat' dir='ltr'><strong>Sat.</strong></span> <span class='ocrx_word' id='word_1_200' title='bbox 1286 4645 1334 4703; x_wconf 91' lang='lat'><strong>1.</strong></span> <span class='ocrx_word' id='word_1_201' title='bbox 1376 4657 1525 4705; x_wconf 55' lang='grc' dir='ltr'><strong>ιιι·</strong></span> <span class='ocrx_word' id='word_1_202' title='bbox 1760 4646 1831 4718; x_wconf 67' lang='lat' dir='ltr'><strong>b)</strong></span> <span class='ocrx_word' id='word_1_203' title='bbox 1869 4608 2036 4705; x_wconf 75' lang='lat' dir='ltr'><strong>Toni.</strong></span> <span class='ocrx_word' id='word_1_204' title='bbox 2078 4646 2121 4703; x_wconf 91' lang='lat'><strong>1.</strong></span> <span class='ocrx_word' id='word_1_205' title='bbox 2164 4666 2221 4723; x_wconf 87' lang='lat' dir='ltr'><strong>p.</strong></span> <span class='ocrx_word' id='word_1_206' title='bbox 2262 4660 2350 4720; x_wconf 83' lang='lat'><strong>29.</strong></span> <span class='ocrx_word' id='word_1_207' title='bbox 2403 4691 2412 4728; x_wconf 54' lang='lat'><strong>¹</strong></span> 
     </span>
     <span class='ocr_line' id='line_1_40' title="bbox 955 4733 1865 4822; baseline 0.008 -32"><span class='ocrx_word' id='word_1_208' title='bbox 955 4738 1015 4807; x_wconf 88' lang='lat' dir='ltr'><strong>e)</strong></span> <span class='ocrx_word' id='word_1_209' title='bbox 1053 4737 1287 4795; x_wconf 82' lang='lat' dir='ltr'><strong>Verona</strong></span> <span class='ocrx_word' id='word_1_210' title='bbox 1328 4733 1410 4793; x_wconf 84' lang='lat' dir='ltr'><strong>ill.</strong></span> <span class='ocrx_word' id='word_1_211' title='bbox 1454 4736 1516 4794; x_wconf 88' lang='lat' dir='ltr'><strong>P.</strong></span> <span class='ocrx_word' id='word_1_212' title='bbox 1555 4736 1598 4794; x_wconf 92' lang='grc' dir='ltr'><strong>Ι.</strong></span> <span class='ocrx_word' id='word_1_213' title='bbox 1640 4757 1699 4813; x_wconf 86' lang='lat' dir='ltr'><strong>p.</strong></span> <span class='ocrx_word' id='word_1_214' title='bbox 1744 4743 1865 4822; x_wconf 58' lang='lat' dir='ltr'><strong>tlt?-</strong></span> 
     </span>
    </p>
   </div>
   <div class='ocr_carea' id='block_1_8' title="bbox 2585 631 4106 1415">
    <p class='ocr_par' dir='ltr' id='par_1_14' title="bbox 2585 631 4106 1415">
     <span class='ocr_line' id='line_1_41' title="bbox 2585 631 4102 718; baseline 0.007 -23"><span class='ocrx_word' id='word_1_215' title='bbox 2585 631 2824 708; x_wconf 51' lang='lat' dir='ltr'><strong>¹obvia,</strong></span> <span class='ocrx_word' id='word_1_216' title='bbox 2870 643 3277 694; x_wconf 87' lang='lat' dir='ltr'><strong>memoratur</strong></span> <span class='ocrx_word' id='word_1_217' title='bbox 3332 650 3591 718; x_wconf 88' lang='lat' dir='ltr'><strong>quoque</strong></span> <span class='ocrx_word' id='word_1_218' title='bbox 3645 635 3714 696; x_wconf 91' lang='lat' dir='ltr'><strong>in</strong></span> <span class='ocrx_word' id='word_1_219' title='bbox 3769 654 4102 705; x_wconf 84' lang='lat' dir='ltr'><strong>marmore</strong></span> 
     </span>
     <span class='ocr_line' id='line_1_42' title="bbox 2598 718 4103 824; baseline 0.009 -29"><span class='ocrx_word' id='word_1_220' title='bbox 2598 733 2946 795; x_wconf 82' lang='lat' dir='ltr'><strong>Muratorii</strong></span> <span class='ocrx_word' id='word_1_221' title='bbox 2981 744 3070 811; x_wconf 83' lang='lat' dir='ltr'><strong>c),</strong></span> <span class='ocrx_word' id='word_1_222' title='bbox 3134 734 3203 794; x_wconf 91' lang='lat' dir='ltr'><strong>in</strong></span> <span class='ocrx_word' id='word_1_223' title='bbox 3253 736 3436 817; x_wconf 88' lang='lat' dir='ltr'><strong>cujus</strong></span> <span class='ocrx_word' id='word_1_224' title='bbox 3496 718 3669 813; x_wconf 72' lang='lat' dir='ltr'><strong>fine,</strong></span> <span class='ocrx_word' id='word_1_225' title='bbox 3748 740 3866 802; x_wconf 85' lang='lat' dir='ltr'><strong>sed</strong></span> <span class='ocrx_word' id='word_1_226' title='bbox 3915 742 4103 824; x_wconf 83' lang='lat' dir='ltr'><strong>juxta</strong></span> 
     </span>
     <span class='ocr_line' id='line_1_43' title="bbox 2598 833 4106 924; baseline 0.003 -25"><span class='ocrx_word' id='word_1_227' title='bbox 2598 855 2824 900; x_wconf 80' lang='lat' dir='ltr'><strong>veram</strong></span> <span class='ocrx_word' id='word_1_228' title='bbox 2900 833 3026 899; x_wconf 84' lang='lat' dir='ltr'><strong>cel.</strong></span> <span class='ocrx_word' id='word_1_229' title='bbox 3103 836 3365 898; x_wconf 83' lang='lat' dir='ltr'><strong>Marinii</strong></span> <span class='ocrx_word' id='word_1_230' title='bbox 3441 839 3964 904; x_wconf 82' lang='lat' dir='ltr'><strong>emendationem</strong></span> <span class='ocrx_word' id='word_1_231' title='bbox 4008 843 4106 924; x_wconf 79' lang='lat' dir='ltr'><strong>d),</strong></span> 
     </span>
     <span class='ocr_line' id='line_1_44' title="bbox 2594 936 4103 1020; baseline 0.008 -23"><span class='ocrx_word' id='word_1_232' title='bbox 2594 936 2879 1020; x_wconf 81' lang='lat' dir='ltr'><strong>legitur:</strong></span> <span class='ocrx_word' id='word_1_233' title='bbox 2930 937 3372 1005; x_wconf 78' lang='lat' dir='ltr'><strong>CVRANTE.</strong></span> <span class='ocrx_word' id='word_1_234' title='bbox 3425 939 3628 1006; x_wconf 78' lang='lat' dir='ltr'><strong>VAL.</strong></span> <span class='ocrx_word' id='word_1_235' title='bbox 3679 943 4103 1009; x_wconf 83' lang='lat' dir='ltr'><strong>PELAGIO.</strong></span> 
     </span>
     <span class='ocr_line' id='line_1_45' title="bbox 2595 1038 4101 1131; baseline 0.005 -26"><span class='ocrx_word' id='word_1_236' title='bbox 2595 1038 2759 1105; x_wconf 79' lang='lat' dir='ltr'><strong>Viro</strong></span> <span class='ocrx_word' id='word_1_237' title='bbox 2801 1040 3081 1121; x_wconf 72' lang='lat' dir='ltr'><strong>Eqreqio</strong></span> <span class='ocrx_word' id='word_1_238' title='bbox 3126 1040 3628 1106; x_wconf 66' lang='lat' dir='ltr'><strong>paoem-acore</strong></span> <span class='ocrx_word' id='word_1_239' title='bbox 3669 1045 3916 1131; x_wconf 66' lang='lat' dir='ltr'><strong>Sacrae</strong></span> <span class='ocrx_word' id='word_1_240' title='bbox 3956 1050 4101 1113; x_wconf 76' lang='grc' dir='ltr'><strong>Μο-</strong></span> 
     </span>
     <span class='ocr_line' id='line_1_46' title="bbox 2593 1139 4102 1227; baseline 0.007 -25"><span class='ocrx_word' id='word_1_241' title='bbox 2593 1150 2781 1202; x_wconf 79' lang='lat' dir='ltr'><strong>netae</strong></span> <span class='ocrx_word' id='word_1_242' title='bbox 2804 1139 3002 1205; x_wconf 78' lang='lat' dir='ltr'><strong>Vrbis</strong></span> <span class='ocrx_word' id='word_1_243' title='bbox 3022 1142 3228 1207; x_wconf 79' lang='lat' dir='ltr'><strong>VNA.</strong></span> <span class='ocrx_word' id='word_1_244' title='bbox 3250 1143 3459 1211; x_wconf 83' lang='lat' dir='ltr'><strong>CVM.</strong></span> <span class='ocrx_word' id='word_1_245' title='bbox 3489 1145 3620 1209; x_wconf 87' lang='lat' dir='ltr'><strong>PP.</strong></span> <span class='ocrx_word' id='word_1_246' title='bbox 3645 1148 4102 1227; x_wconf 75' lang='lat' dir='ltr'><strong>(praepositis)</strong></span> 
     </span>
     <span class='ocr_line' id='line_1_47' title="bbox 2593 1240 4094 1313; baseline 0.007 -12"><span class='ocrx_word' id='word_1_247' title='bbox 2593 1240 2740 1305; x_wconf 86' lang='lat' dir='ltr'><strong>ET.</strong></span> <span class='ocrx_word' id='word_1_248' title='bbox 2786 1240 3617 1313; x_wconf 72' lang='lat' dir='ltr'><strong>OFFICINATORIBVS.</strong></span> <span class='ocrx_word' id='word_1_249' title='bbox 3699 1248 3833 1308; x_wconf 89' lang='lat' dir='ltr'><strong>Iam</strong></span> <span class='ocrx_word' id='word_1_250' title='bbox 3880 1250 4094 1312; x_wconf 90' lang='lat' dir='ltr'><strong>multo</strong></span> 
     </span>
     <span class='ocr_line' id='line_1_48' title="bbox 2592 1345 4102 1415; baseline 0.005 -9"><span class='ocrx_word' id='word_1_251' title='bbox 2592 1356 2741 1406; x_wconf 88' lang='lat' dir='ltr'><strong>ante</strong></span> <span class='ocrx_word' id='word_1_252' title='bbox 2782 1345 3262 1409; x_wconf 82' lang='lat' dir='ltr'><strong>Antiochenses</strong></span> <span class='ocrx_word' id='word_1_253' title='bbox 3291 1347 3664 1412; x_wconf 80' lang='lat' dir='ltr'><strong>MONetam</strong></span> <span class='ocrx_word' id='word_1_254' title='bbox 3700 1350 3944 1415; x_wconf 77' lang='lat' dir='ltr'><strong>VRBis</strong></span> <span class='ocrx_word' id='word_1_255' title='bbox 3975 1373 4102 1413; x_wconf 81' lang='lat' dir='ltr'><strong>nu·</strong></span> 
     </span>
    </p>
   </div>
   <div class='ocr_carea' id='block_1_9' title="bbox 2594 1445 4120 1588">
    <p class='ocr_par' dir='ltr' id='par_1_15' title="bbox 2594 1445 4120 1588">
     <span class='ocr_line' id='line_1_49' title="bbox 2594 1445 4095 1531; baseline 0.008 -25"><span class='ocrx_word' id='word_1_256' title='bbox 2594 1445 2717 1506; x_wconf 84' lang='lat' dir='ltr'><strong>mis</strong></span> <span class='ocrx_word' id='word_1_257' title='bbox 2751 1446 2888 1508; x_wconf 82' lang='lat' dir='ltr'><strong>suis</strong></span> <span class='ocrx_word' id='word_1_258' title='bbox 2905 1446 3326 1531; x_wconf 85' lang='lat' dir='ltr'><strong>inscripsere,</strong></span> <span class='ocrx_word' id='word_1_259' title='bbox 3358 1463 3431 1511; x_wconf 91' lang='lat' dir='ltr'><strong>ut</strong></span> <span class='ocrx_word' id='word_1_260' title='bbox 3462 1469 3580 1512; x_wconf 85' lang='lat' dir='ltr'><strong>suo</strong></span> <span class='ocrx_word' id='word_1_261' title='bbox 3605 1449 3755 1515; x_wconf 88' lang='lat' dir='ltr'><strong>loco</strong></span> <span class='ocrx_word' id='word_1_262' title='bbox 3782 1452 4095 1518; x_wconf 81' lang='lat' dir='ltr'><strong>vidimus.</strong></span> 
     </span>
     <span class='ocr_line' id='line_1_50' title="bbox 3326 1551 4120 1588; baseline 0.008 -39"><span class='ocrx_word' id='word_1_263' title='bbox 3326 1551 3366 1588; x_wconf 34' lang='grc' dir='ltr'><strong><em>ι</em></strong></span> <span class='ocrx_word' id='word_1_264' title='bbox 4115 1552 4120 1555; x_wconf 17' lang='lat' dir='ltr'><em>A</em></span> 
     </span>
    </p>
   </div>
   <div class='ocr_carea' id='block_1_10' title="bbox 2584 1594 4146 2553">
    <p class='ocr_par' dir='ltr' id='par_1_16' title="bbox 2589 1594 4146 2122">
     <span class='ocr_line' id='line_1_51' title="bbox 3160 1594 3528 1634; baseline 0 0"><span class='ocrx_word' id='word_1_265' title='bbox 3160 1594 3200 1634; x_wconf 64' lang='lat' dir='ltr'><strong>a:</strong></span> <span class='ocrx_word' id='word_1_266' title='bbox 3490 1597 3528 1634; x_wconf 72' lang='lat' dir='ltr'><strong>ue</strong></span> 
     </span>
     <span class='ocr_line' id='line_1_52' title="bbox 2886 1657 3218 1716; baseline -0.009 -1"><span class='ocrx_word' id='word_1_267' title='bbox 2886 1658 2972 1715; x_wconf 81' lang='lat' dir='ltr'><strong>Vt</strong></span> <span class='ocrx_word' id='word_1_268' title='bbox 3001 1657 3099 1716; x_wconf 80' lang='lat' dir='ltr'><strong>lit.</strong></span> <span class='ocrx_word' id='word_1_269' title='bbox 3136 1659 3218 1716; x_wconf 87' lang='lat' dir='ltr'><strong>A.</strong></span> 
     </span>
     <span class='ocr_line' id='line_1_53' title="bbox 2591 1740 4146 1828; baseline 0 -14"><span class='ocrx_word' id='word_1_270' title='bbox 2591 1753 3232 1822; x_wconf 75' lang='lat' dir='ltr'><strong>PnovaNTtA.</strong></span> <span class='ocrx_word' id='word_1_271' title='bbox 3272 1740 3484 1821; x_wconf 81' lang='lat' dir='ltr'><strong>AVG.</strong></span> <span class='ocrx_word' id='word_1_272' title='bbox 3524 1760 3632 1818; x_wconf 82' lang='lat' dir='ltr'><strong>vel</strong></span> <span class='ocrx_word' id='word_1_273' title='bbox 3659 1757 3921 1828; x_wconf 82' lang='lat' dir='ltr'><strong>AVGG.</strong></span> <span class='ocrx_word' id='word_1_274' title='bbox 3974 1767 4146 1826; x_wconf 75' lang='lat' dir='ltr'><strong>ca..</strong></span> 
     </span>
     <span class='ocr_line' id='line_1_54' title="bbox 2591 1861 4101 1945; baseline 0.006 -28"><span class='ocrx_word' id='word_1_275' title='bbox 2591 1866 2729 1917; x_wconf 82' lang='lat' dir='ltr'><strong>stra</strong></span> <span class='ocrx_word' id='word_1_276' title='bbox 2759 1861 3124 1935; x_wconf 81' lang='lat' dir='ltr'><strong>praetoria,</strong></span> <span class='ocrx_word' id='word_1_277' title='bbox 3162 1880 3328 1940; x_wconf 82' lang='lat' dir='ltr'><strong>prae</strong></span> <span class='ocrx_word' id='word_1_278' title='bbox 3346 1862 3598 1942; x_wconf 78' lang='lat' dir='ltr'><strong>-qm&#39;bus</strong></span> <span class='ocrx_word' id='word_1_279' title='bbox 3631 1871 3903 1943; x_wconf 78' lang='lat' dir='ltr'><strong>quatuor</strong></span> <span class='ocrx_word' id='word_1_280' title='bbox 3926 1867 4101 1945; x_wconf 64' lang='grc' dir='ltr'><strong>ᾑμα-</strong></span> 
     </span>
     <span class='ocr_line' id='line_1_55' title="bbox 2590 1962 4096 2043; baseline 0.005 -26"><span class='ocrx_word' id='word_1_281' title='bbox 2590 1977 2705 2017; x_wconf 81' lang='lat' dir='ltr'><strong>rae</strong></span> <span class='ocrx_word' id='word_1_282' title='bbox 2742 1962 3104 2036; x_wconf 77' lang='lat' dir='ltr'><strong>paludatae</strong></span> <span class='ocrx_word' id='word_1_283' title='bbox 3156 1980 3343 2037; x_wconf 78' lang='lat' dir='ltr'><strong>super</strong></span> <span class='ocrx_word' id='word_1_284' title='bbox 3393 1965 3643 2041; x_wconf 75' lang='lat' dir='ltr'><strong>tripode</strong></span> <span class='ocrx_word' id='word_1_285' title='bbox 3701 1968 4096 2043; x_wconf 76' lang='lat' dir='ltr'><strong>sacrificant.</strong></span> 
     </span>
     <span class='ocr_line' id='line_1_56' title="bbox 2589 2057 2992 2122; baseline 0.007 -5"><span class='ocrx_word' id='word_1_286' title='bbox 2589 2059 2731 2122; x_wconf 82' lang='lat' dir='ltr'><strong>AR.</strong></span> <span class='ocrx_word' id='word_1_287' title='bbox 2771 2057 2992 2122; x_wconf 74' lang='lat' dir='ltr'><strong>obvii.</strong></span> 
     </span>
    </p>

    <p class='ocr_par' dir='ltr' id='par_1_17' title="bbox 2584 2158 4102 2553">
     <span class='ocr_line' id='line_1_57' title="bbox 2713 2158 4100 2250; baseline 0.006 -29"><span class='ocrx_word' id='word_1_288' title='bbox 2713 2158 2819 2221; x_wconf 82' lang='lat' dir='ltr'><strong>Ad</strong></span> <span class='ocrx_word' id='word_1_289' title='bbox 2880 2177 3300 2234; x_wconf 84' lang='lat' dir='ltr'><strong>monumenta</strong></span> <span class='ocrx_word' id='word_1_290' title='bbox 3346 2178 3744 2242; x_wconf 87' lang='lat' dir='ltr'><strong>castrorum,</strong></span> <span class='ocrx_word' id='word_1_291' title='bbox 3807 2186 3976 2250; x_wconf 89' lang='lat' dir='ltr'><strong>quae</strong></span> <span class='ocrx_word' id='word_1_292' title='bbox 4022 2166 4100 2229; x_wconf 82' lang='lat' dir='ltr'><strong>in</strong></span> 
     </span>
     <span class='ocr_line' id='line_1_58' title="bbox 2589 2257 4102 2350; baseline 0.001 -25"><span class='ocrx_word' id='word_1_293' title='bbox 2589 2257 2903 2325; x_wconf 79' lang='lat' dir='ltr'><strong>ex&#39;tremis</strong></span> <span class='ocrx_word' id='word_1_294' title='bbox 2942 2263 3206 2346; x_wconf 83' lang='lat' dir='ltr'><strong>imperii</strong></span> <span class='ocrx_word' id='word_1_295' title='bbox 3245 2264 3482 2328; x_wconf 85' lang='lat' dir='ltr'><strong>finibus</strong></span> <span class='ocrx_word' id='word_1_296' title='bbox 3515 2265 3756 2350; x_wconf 85' lang='lat' dir='ltr'><strong>ubique</strong></span> <span class='ocrx_word' id='word_1_297' title='bbox 3793 2268 4102 2331; x_wconf 79' lang='lat' dir='ltr'><strong>construi</strong></span> 
     </span>
     <span class='ocr_line' id='line_1_59' title="bbox 2585 2354 4101 2452; baseline 0.006 -28"><span class='ocrx_word' id='word_1_298' title='bbox 2585 2364 2773 2444; x_wconf 83' lang='lat' dir='ltr'><strong>jussit</strong></span> <span class='ocrx_word' id='word_1_299' title='bbox 2809 2354 3291 2444; x_wconf 72' lang='lat' dir='ltr'><strong>Diocletianus,</strong></span> <span class='ocrx_word' id='word_1_300' title='bbox 3338 2368 3512 2430; x_wconf 87' lang='lat' dir='ltr'><strong>hune</strong></span> <span class='ocrx_word' id='word_1_301' title='bbox 3546 2382 3769 2450; x_wconf 85' lang='lat' dir='ltr'><strong>typum</strong></span> <span class='ocrx_word' id='word_1_302' title='bbox 3802 2364 3950 2452; x_wconf 70' lang='lat' dir='ltr'><strong>jure</strong></span> <span class='ocrx_word' id='word_1_303' title='bbox 3985 2390 4101 2433; x_wconf 87' lang='lat' dir='ltr'><strong>re·</strong></span> 
     </span>
     <span class='ocr_line' id='line_1_60' title="bbox 2584 2466 4102 2553; baseline 0.005 -27"><span class='ocrx_word' id='word_1_304' title='bbox 2584 2466 2719 2537; x_wconf 83' lang='lat' dir='ltr'><strong>fert</strong></span> <span class='ocrx_word' id='word_1_305' title='bbox 2777 2468 3179 2545; x_wconf 87' lang='lat' dir='ltr'><strong>Bandurius,</strong></span> <span class='ocrx_word' id='word_1_306' title='bbox 3254 2470 3564 2553; x_wconf 62' lang='lat' dir='ltr'><strong>quamjn</strong></span> <span class='ocrx_word' id='word_1_307' title='bbox 3625 2469 3753 2531; x_wconf 85' lang='lat' dir='ltr'><strong>hoc</strong></span> <span class='ocrx_word' id='word_1_308' title='bbox 3806 2470 4102 2553; x_wconf 76' lang='lat' dir='ltr'><strong>impera·</strong></span> 
     </span>
    </p>
   </div>
   <div class='ocr_carea' id='block_1_11' title="bbox 2584 2568 4226 2664">
    <p class='ocr_par' dir='ltr' id='par_1_18' title="bbox 2584 2568 4226 2664">
     <span class='ocr_line' id='line_1_61' title="bbox 2584 2568 4226 2664; baseline 0.005 -35"><span class='ocrx_word' id='word_1_309' title='bbox 2584 2581 2732 2631; x_wconf 90' lang='lat' dir='ltr'><strong>tore</strong></span> <span class='ocrx_word' id='word_1_310' title='bbox 2787 2568 3051 2633; x_wconf 88' lang='lat' dir='ltr'><strong>laudem</strong></span> <span class='ocrx_word' id='word_1_311' title='bbox 3105 2570 3441 2657; x_wconf 86' lang='lat' dir='ltr'><strong>praedicat</strong></span> <span class='ocrx_word' id='word_1_312' title='bbox 3500 2571 3822 2634; x_wconf 87' lang='lat' dir='ltr'><strong>Zosimus.</strong></span> <span class='ocrx_word' id='word_1_313' title='bbox 3913 2571 4101 2664; x_wconf 79' lang='lat' dir='ltr'><strong>Qua·-</strong></span> <span class='ocrx_word' id='word_1_314' title='bbox 4221 2594 4226 2601; x_wconf 63' lang='lat'><em>²</em></span> 
     </span>
    </p>
   </div>
   <div class='ocr_carea' id='block_1_12' title="bbox 2583 2669 4112 3052">
    <p class='ocr_par' dir='ltr' id='par_1_19' title="bbox 2583 2669 4112 3052">
     <span class='ocr_line' id='line_1_62' title="bbox 2583 2669 4112 2754; baseline 0.004 -21"><span class='ocrx_word' id='word_1_315' title='bbox 2583 2684 2738 2734; x_wconf 89' lang='lat' dir='ltr'><strong>tuor</strong></span> <span class='ocrx_word' id='word_1_316' title='bbox 2804 2672 3055 2754; x_wconf 82' lang='lat' dir='ltr'><strong>figurae</strong></span> <span class='ocrx_word' id='word_1_317' title='bbox 3134 2671 3575 2737; x_wconf 72' lang='lat' dir='ltr'><strong>sacrificantes</strong></span> <span class='ocrx_word' id='word_1_318' title='bbox 3643 2673 3819 2735; x_wconf 89' lang='lat' dir='ltr'><strong>haud</strong></span> <span class='ocrx_word' id='word_1_319' title='bbox 3852 2669 4112 2741; x_wconf 77' lang='lat' dir='ltr'><strong>&#39;dubie-</strong></span> 
     </span>
     <span class='ocr_line' id='line_1_63' title="bbox 2584 2773 4100 2857; baseline 0.005 -20"><span class='ocrx_word' id='word_1_320' title='bbox 2584 2787 2734 2837; x_wconf 89' lang='lat' dir='ltr'><strong>sunt</strong></span> <span class='ocrx_word' id='word_1_321' title='bbox 2778 2776 3059 2857; x_wconf 84' lang='lat' dir='ltr'><strong>Augusti</strong></span> <span class='ocrx_word' id='word_1_322' title='bbox 3107 2773 3238 2839; x_wconf 90' lang='lat' dir='ltr'><strong>duo</strong></span> <span class='ocrx_word' id='word_1_323' title='bbox 3293 2797 3368 2840; x_wconf 90' lang='lat' dir='ltr'><strong>ac</strong></span> <span class='ocrx_word' id='word_1_324' title='bbox 3419 2775 3694 2838; x_wconf 89' lang='lat' dir='ltr'><strong>totidem</strong></span> <span class='ocrx_word' id='word_1_325' title='bbox 3744 2776 4100 2844; x_wconf 72' lang='lat' dir='ltr'><strong>Caesares.</strong></span> 
     </span>
     <span class='ocr_line' id='line_1_64' title="bbox 2587 2865 4104 2960; baseline 0.001 -21"><span class='ocrx_word' id='word_1_326' title='bbox 2587 2876 2832 2939; x_wconf 85' lang='lat' dir='ltr'><strong>Similis</strong></span> <span class='ocrx_word' id='word_1_327' title='bbox 2891 2890 3082 2960; x_wconf 86' lang='lat' dir='ltr'><strong>typus</strong></span> <span class='ocrx_word' id='word_1_328' title='bbox 3127 2891 3230 2940; x_wconf 88' lang='lat' dir='ltr'><strong>est</strong></span> <span class='ocrx_word' id='word_1_329' title='bbox 3279 2866 3474 2941; x_wconf 82' lang='lat' dir='ltr'><strong>etiam</strong></span> <span class='ocrx_word' id='word_1_330' title='bbox 3513 2865 3592 2941; x_wconf 63' lang='lat' dir='ltr'><strong>&#39;in</strong></span> <span class='ocrx_word' id='word_1_331' title='bbox 3643 2880 3856 2943; x_wconf 90' lang='lat' dir='ltr'><strong>numis</strong></span> <span class='ocrx_word' id='word_1_332' title='bbox 3903 2882 4104 2948; x_wconf 81' lang='lat' dir='ltr'><strong>VIR·</strong></span> 
     </span>
     <span class='ocr_line' id='line_1_65' title="bbox 2586 2979 4095 3052; baseline 0.003 -12"><span class='ocrx_word' id='word_1_333' title='bbox 2586 2979 2779 3046; x_wconf 85' lang='lat' dir='ltr'><strong>TVS.</strong></span> <span class='ocrx_word' id='word_1_334' title='bbox 2819 2979 3229 3046; x_wconf 80' lang='lat' dir='ltr'><strong>mlLITvM.</strong></span> <span class='ocrx_word' id='word_1_335' title='bbox 3270 3014 3299 3029; x_wconf 91' lang='lat'>-</span> <span class='ocrx_word' id='word_1_336' title='bbox 3330 2979 3773 3052; x_wconf 84' lang='lat' dir='ltr'><strong>VICTORIA.</strong></span> <span class='ocrx_word' id='word_1_337' title='bbox 3812 2981 4095 3052; x_wconf 81' lang='lat' dir='ltr'><strong>AVGG.</strong></span> 
     </span>
    </p>
   </div>
   <div class='ocr_carea' id='block_1_13' title="bbox 2569 3080 2882 3165">
    <p class='ocr_par' dir='ltr' id='par_1_20' title="bbox 2569 3080 2882 3165">
     <span class='ocr_line' id='line_1_66' title="bbox 2569 3080 2882 3165; baseline -0.013 -18"><span class='ocrx_word' id='word_1_338' title='bbox 2569 3080 2882 3165; x_wconf 77' lang='lat' dir='ltr'><strong>aliisque.</strong></span> 
     </span>
    </p>
   </div>
   <div class='ocr_carea' id='block_1_14' title="bbox 2570 3180 4098 4496">
    <p class='ocr_par' dir='ltr' id='par_1_21' title="bbox 2570 3180 4098 4496">
     <span class='ocr_line' id='line_1_67' title="bbox 2711 3180 4096 3266; baseline 0.005 -22"><span class='ocrx_word' id='word_1_339' title='bbox 2711 3183 3027 3266; x_wconf 88' lang='lat' dir='ltr'><strong>Ejusdem</strong></span> <span class='ocrx_word' id='word_1_340' title='bbox 3072 3180 3552 3266; x_wconf 50' lang='lat' dir='ltr'><strong>generis‘numi</strong></span> <span class='ocrx_word' id='word_1_341' title='bbox 3591 3199 3847 3250; x_wconf 85' lang='lat' dir='ltr'><strong>exstant</strong></span> <span class='ocrx_word' id='word_1_342' title='bbox 3884 3185 4096 3251; x_wconf 84' lang='lat' dir='ltr'><strong>etiam</strong></span> 
     </span>
     <span class='ocr_line' id='line_1_68' title="bbox 2581 3286 4098 3371; baseline 0.002 -23"><span class='ocrx_word' id='word_1_343' title='bbox 2581 3287 2650 3348; x_wconf 90' lang='lat' dir='ltr'><strong>in</strong></span> <span class='ocrx_word' id='word_1_344' title='bbox 2707 3299 2968 3349; x_wconf 87' lang='lat' dir='ltr'><strong>moneta</strong></span> <span class='ocrx_word' id='word_1_345' title='bbox 3010 3286 3386 3358; x_wconf 80' lang='lat' dir='ltr'><strong>Maximiani</strong></span> <span class='ocrx_word' id='word_1_346' title='bbox 3434 3287 3777 3371; x_wconf 85' lang='lat' dir='ltr'><strong>conlegae.</strong></span> <span class='ocrx_word' id='word_1_347' title='bbox 3821 3290 4098 3351; x_wconf 82' lang='lat' dir='ltr'><strong>Horum</strong></span> 
     </span>
     <span class='ocr_line' id='line_1_69' title="bbox 2581 3388 4096 3474; baseline 0.003 -23"><span class='ocrx_word' id='word_1_348' title='bbox 2581 3409 2783 3451; x_wconf 88' lang='lat' dir='ltr'><strong>unum</strong></span> <span class='ocrx_word' id='word_1_349' title='bbox 2861 3390 3129 3452; x_wconf 85' lang='lat' dir='ltr'><strong>omnino</strong></span> <span class='ocrx_word' id='word_1_350' title='bbox 3212 3388 3570 3472; x_wconf 84' lang='lat' dir='ltr'><strong>geminum</strong></span> <span class='ocrx_word' id='word_1_351' title='bbox 3631 3410 3781 3453; x_wconf 90' lang='lat' dir='ltr'><strong>cum</strong></span> <span class='ocrx_word' id='word_1_352' title='bbox 3866 3393 4096 3474; x_wconf 76' lang='lat' dir='ltr'><strong>capite</strong></span> 
     </span>
     <span class='ocr_line' id='line_1_70' title="bbox 2583 3489 4096 3576; baseline 0 -22"><span class='ocrx_word' id='word_1_353' title='bbox 2583 3491 2960 3556; x_wconf 77' lang='lat' dir='ltr'><strong>Maximiani</strong></span> <span class='ocrx_word' id='word_1_354' title='bbox 3047 3489 3254 3554; x_wconf 89' lang='lat' dir='ltr'><strong>edidit</strong></span> <span class='ocrx_word' id='word_1_355' title='bbox 3341 3493 3563 3575; x_wconf 85' lang='lat' dir='ltr'><strong>Scipio</strong></span> <span class='ocrx_word' id='word_1_356' title='bbox 3647 3489 3960 3555; x_wconf 84' lang='lat' dir='ltr'><strong>Maffeius</strong></span> <span class='ocrx_word' id='word_1_357' title='bbox 4003 3495 4096 3576; x_wconf 64' lang='grc' dir='ltr'><strong>Θ),</strong></span> 
     </span>
     <span class='ocr_line' id='line_1_71' title="bbox 2581 3593 4098 3678; baseline 0.002 -22"><span class='ocrx_word' id='word_1_358' title='bbox 2581 3594 2702 3657; x_wconf 88' lang='lat' dir='ltr'><strong>sed</strong></span> <span class='ocrx_word' id='word_1_359' title='bbox 2740 3615 2863 3678; x_wconf 86' lang='lat' dir='ltr'><strong>pro</strong></span> <span class='ocrx_word' id='word_1_360' title='bbox 2900 3595 3111 3657; x_wconf 85' lang='lat' dir='ltr'><strong>solitis</strong></span> <span class='ocrx_word' id='word_1_361' title='bbox 3146 3593 3709 3678; x_wconf 84' lang='lat' dir='ltr'><strong>inscriptionibus,</strong></span> <span class='ocrx_word' id='word_1_362' title='bbox 3748 3614 3907 3677; x_wconf 84' lang='lat' dir='ltr'><strong>quas</strong></span> <span class='ocrx_word' id='word_1_363' title='bbox 3945 3616 4098 3659; x_wconf 84' lang='lat' dir='ltr'><strong>mo-</strong></span> 
     </span>
     <span class='ocr_line' id='line_1_72' title="bbox 2579 3689 4096 3778; baseline 0.003 -21"><span class='ocrx_word' id='word_1_364' title='bbox 2579 3696 2665 3758; x_wconf 84' lang='lat' dir='ltr'><strong>do</strong></span> <span class='ocrx_word' id='word_1_365' title='bbox 2722 3689 3265 3773; x_wconf 78' lang='lat' dir='ltr'><strong>commemoravi,</strong></span> <span class='ocrx_word' id='word_1_366' title='bbox 3334 3698 3584 3760; x_wconf 89' lang='lat' dir='ltr'><strong>circum</strong></span> <span class='ocrx_word' id='word_1_367' title='bbox 3640 3709 3849 3759; x_wconf 86' lang='lat' dir='ltr'><strong>castra</strong></span> <span class='ocrx_word' id='word_1_368' title='bbox 3891 3716 4096 3778; x_wconf 89' lang='lat' dir='ltr'><strong>prae·</strong></span> 
     </span>
     <span class='ocr_line' id='line_1_73' title="bbox 2577 3783 4090 3881; baseline 0.002 -21"><span class='ocrx_word' id='word_1_369' title='bbox 2577 3783 2743 3860; x_wconf 68' lang='lat' dir='ltr'><strong>zoi-ia</strong></span> <span class='ocrx_word' id='word_1_370' title='bbox 2830 3799 3114 3881; x_wconf 63' lang='lat' dir='ltr'><strong>tegnam</strong></span> <span class='ocrx_word' id='word_1_371' title='bbox 3225 3798 3620 3866; x_wconf 69' lang='lat' dir='ltr'><strong>VERONA.</strong></span> <span class='ocrx_word' id='word_1_372' title='bbox 3720 3798 4090 3863; x_wconf 79' lang='lat' dir='ltr'><strong>NPmTE.</strong></span> 
     </span>
     <span class='ocr_line' id='line_1_74' title="bbox 2576 3897 4095 3986; baseline 0.001 -24"><span class='ocrx_word' id='word_1_373' title='bbox 2576 3899 2874 3976; x_wconf 89' lang='lat' dir='ltr'><strong>COND.‚</strong></span> <span class='ocrx_word' id='word_1_374' title='bbox 2923 3922 3114 3985; x_wconf 87' lang='lat' dir='ltr'><strong>quam</strong></span> <span class='ocrx_word' id='word_1_375' title='bbox 3164 3897 3574 3986; x_wconf 75' lang='lat' dir='ltr'><strong>epigraphen</strong></span> <span class='ocrx_word' id='word_1_376' title='bbox 3625 3899 3921 3962; x_wconf 87' lang='lat' dir='ltr'><strong>eruditus</strong></span> <span class='ocrx_word' id='word_1_377' title='bbox 3971 3922 4095 3963; x_wconf 88' lang='lat' dir='ltr'><strong>au·</strong></span> 
     </span>
     <span class='ocr_line' id='line_1_75' title="bbox 2575 4000 4095 4086; baseline -0.001 -21"><span class='ocrx_word' id='word_1_378' title='bbox 2575 4016 2721 4066; x_wconf 81' lang='lat' dir='ltr'><strong>ctor</strong></span> <span class='ocrx_word' id='word_1_379' title='bbox 2758 4002 2850 4065; x_wconf 88' lang='lat' dir='ltr'><strong>sic</strong></span> <span class='ocrx_word' id='word_1_380' title='bbox 2890 4001 3206 4086; x_wconf 82' lang='lat' dir='ltr'><strong>explicat:</strong></span> <span class='ocrx_word' id='word_1_381' title='bbox 3252 4000 3644 4069; x_wconf 80' lang='lat' dir='ltr'><strong>VERONA.</strong></span> <span class='ocrx_word' id='word_1_382' title='bbox 3691 4003 3878 4066; x_wconf 83' lang='lat' dir='ltr'><strong>Nova</strong></span> <span class='ocrx_word' id='word_1_383' title='bbox 3921 4003 4095 4064; x_wconf 80' lang='lat' dir='ltr'><strong>Por&#39;-</strong></span> 
     </span>
     <span class='ocr_line' id='line_1_76' title="bbox 2572 4102 4091 4185; baseline -0.002 -17"><span class='ocrx_word' id='word_1_384' title='bbox 2572 4118 2646 4168; x_wconf 81' lang='lat' dir='ltr'><strong>ta</strong></span> <span class='ocrx_word' id='word_1_385' title='bbox 2687 4106 2901 4166; x_wconf 84' lang='lat' dir='ltr'>RITE</span> <span class='ocrx_word' id='word_1_386' title='bbox 2951 4104 3312 4168; x_wconf 79' lang='lat' dir='ltr'><strong>CONDila.</strong></span> <span class='ocrx_word' id='word_1_387' title='bbox 3400 4102 3692 4165; x_wconf 85' lang='lat' dir='ltr'><strong>Difficile</strong></span> <span class='ocrx_word' id='word_1_388' title='bbox 3738 4117 3841 4166; x_wconf 82' lang='lat' dir='ltr'><strong>est</strong></span> <span class='ocrx_word' id='word_1_389' title='bbox 3886 4123 4091 4185; x_wconf 84' lang='lat' dir='ltr'><strong>prae-</strong></span> 
     </span>
     <span class='ocr_line' id='line_1_77' title="bbox 2570 4205 4091 4290; baseline 0 -21"><span class='ocrx_word' id='word_1_390' title='bbox 2570 4209 2734 4271; x_wconf 87' lang='lat' dir='ltr'><strong>bere</strong></span> <span class='ocrx_word' id='word_1_391' title='bbox 2794 4208 3175 4283; x_wconf 86' lang='lat' dir='ltr'><strong>adsensum,</strong></span> <span class='ocrx_word' id='word_1_392' title='bbox 3238 4205 3592 4290; x_wconf 82' lang='lat' dir='ltr'><strong>praecipue</strong></span> <span class='ocrx_word' id='word_1_393' title='bbox 3652 4225 3820 4276; x_wconf 60' lang='lat' dir='ltr'><strong>cum„</strong></span> <span class='ocrx_word' id='word_1_394' title='bbox 3855 4218 4091 4269; x_wconf 87' lang='lat' dir='ltr'><strong>aucto·</strong></span> 
     </span>
     <span class='ocr_line' id='line_1_78' title="bbox 2571 4305 4088 4395; baseline -0.002 -23"><span class='ocrx_word' id='word_1_395' title='bbox 2571 4310 2868 4384; x_wconf 84' lang='lat' dir='ltr'><strong>ritatem,</strong></span> <span class='ocrx_word' id='word_1_396' title='bbox 2919 4305 3073 4395; x_wconf 66' lang='lat' dir='ltr'><strong>‘qua</strong></span> <span class='ocrx_word' id='word_1_397' title='bbox 3154 4307 3482 4372; x_wconf 89' lang='lat' dir='ltr'><strong>conditam</strong></span> <span class='ocrx_word' id='word_1_398' title='bbox 3560 4330 3597 4369; x_wconf 86' lang='lat' dir='ltr'><strong>a</strong></span> <span class='ocrx_word' id='word_1_399' title='bbox 3659 4306 4088 4370; x_wconf 76' lang='lat' dir='ltr'><strong>‘Maximiano</strong></span> 
     </span>
     <span class='ocr_line' id='line_1_79' title="bbox 2572 4409 4092 4496; baseline -0.001 -22"><span class='ocrx_word' id='word_1_400' title='bbox 2572 4433 2804 4478; x_wconf 84' lang='lat' dir='ltr'><strong>novam</strong></span> <span class='ocrx_word' id='word_1_401' title='bbox 2861 4426 3119 4496; x_wconf 85' lang='lat' dir='ltr'><strong>portam</strong></span> <span class='ocrx_word' id='word_1_402' title='bbox 3178 4409 3634 4484; x_wconf 86' lang='lat' dir='ltr'><strong>confirmaret,</strong></span> <span class='ocrx_word' id='word_1_403' title='bbox 3696 4427 3828 4469; x_wconf 88' lang='lat' dir='ltr'><strong>non</strong></span> <span class='ocrx_word' id='word_1_404' title='bbox 3885 4428 4092 4490; x_wconf 86' lang='lat' dir='ltr'><strong>repe-</strong></span> 
     </span>
    </p>
   </div>
   <div class='ocr_carea' id='block_1_15' title="bbox 2614 4603 4085 4723">
    <p class='ocr_par' dir='ltr' id='par_1_22' title="bbox 2614 4603 4085 4723">
     <span class='ocr_line' id='line_1_80' title="bbox 2614 4603 4085 4723; baseline -0.005 -20"><span class='ocrx_word' id='word_1_405' title='bbox 2614 4649 2674 4720; x_wconf 81' lang='lat' dir='ltr'><strong>c)</strong></span> <span class='ocrx_word' id='word_1_406' title='bbox 2716 4603 2849 4723; x_wconf 75' lang='lat' dir='ltr'><strong>Pag.</strong></span> <span class='ocrx_word' id='word_1_407' title='bbox 2889 4647 3016 4709; x_wconf 79' lang='lat'><strong>260.</strong></span> <span class='ocrx_word' id='word_1_408' title='bbox 3057 4655 3109 4708; x_wconf 85' lang='lat'><strong>3.</strong></span> <span class='ocrx_word' id='word_1_409' title='bbox 3378 4641 3447 4716; x_wconf 85' lang='lat' dir='ltr'><strong>d)</strong></span> <span class='ocrx_word' id='word_1_410' title='bbox 3484 4641 3640 4696; x_wconf 82' lang='lat' dir='ltr'><strong>Frat.</strong></span> <span class='ocrx_word' id='word_1_411' title='bbox 3683 4659 3803 4699; x_wconf 80' lang='lat' dir='ltr'><strong>arv.</strong></span> <span class='ocrx_word' id='word_1_412' title='bbox 3844 4637 3908 4718; x_wconf 84' lang='lat' dir='ltr'><strong>p.</strong></span> <span class='ocrx_word' id='word_1_413' title='bbox 3944 4646 4085 4705; x_wconf 74' lang='lat'><strong>470.</strong></span> 
     </span>
    </p>
   </div>
  </div>
 </body>
</html>
