4388 5576
945 487 1146 562 ss402
1196 511 1213 528 s

1001 655 1085 716 de
1130 647 1582 715 “marmoribus
1620 643 1898 730 judicio
1975 662 2233 706 mecum
2299 647 2494 729 plane

997 757 1245 821 sentire
1311 754 1638 813 illustrem
1701 746 2077 809 Bimardum
2142 749 2398 830 egregii
2459 772 2495 812 a

999 856 1273 923 scientia
1311 853 1618 936 lapidaria
1656 850 1965 924 nominis,
2005 852 2115 929 qui
2147 865 2496 932 praeterea

1000 957 1365 1025 cavendum
1418 965 1655 1015 monet·
1691 951 1770 1015 ab
1816 951 1897 1012 'iis
1937 951 2494 1034 inscriptionibus,

911 1073 1155 1142 '·quas
1195 1056 1475 1142 quodam
1525 1071 1825 1135 tempore
1873 1053 2111 1114 eruditi
2164 1053 2322 1116 varii
2373 1075 2496 1137 per

993 1163 1214 1244 jocum
1268 1149 1769 1231 confinxerunt,¹
1799 1170 2014 1262 tauja
2063 1155 2282 1215 multis
2321 1156 2492 1231 aliis,

997 1265 1126 1327 etsi
1167 1281 1392 1325 earum
1438 1258 1635 1320 fidem
1696 1267 2018 1339 testentur
2060 1257 2183 1320 viri
2229 1257 2491 1340 quidam

990 1363 1330 1450 illustres,
1381 1382 1457 1425 ac
1518 1361 1869 1445 praecipue
1926 1359 2491 1441 Hispaniensibus,

862 1441 869 1448 .
929 1515 937 1522 .
991 1489 1149 1552 quas
1202 1486 1391 1531 veras
1434 1462 1718 1526 credidit
1758 1463 1884 1525 cel.
1921 1461 2217 1523 Andreas
2260 1461 2529 1524 Schot··

948 1603 951 1606 ·
987 1586 1129 1645 tus,
1186 1582 1253 1631 et
1297 1575 1442 1632 cum
1489 1567 1779 1628 Grutero
1825 1564 2329 1627 communicavit
2359 1571 2444 1645 ε).

978 1667 981 1672 “
1115 1669 1481 1735 REGVLA
1525 1670 1635 1735 lv.
1723 1671 2125 1733 Doctrs’nam'
2156 1670 2350 1733 certis
2408 1687 2490 1728 ac

958 1777 1276 1854 *copiosis
1324 1773 1745 1850 monumentis
1788 1773 2113 1849 firmatam
2164 1791 2293 1830 non
2340 1790 2490 1863 ,qoe-

990 1888 1151 1940 sunt·
1198 1886 1476 1938 evertere
1524 1874 1943 1934 adversantia
1993 1874 2310 1953 quaedam
2358 1891 2491 1930 mo-

953 1989 959 1998 '
988 1988 1292 2040 flumenta
1339 1980 1464 2038 etsi
1506 1987 1717 2037 certae
1757 1974 2174 2054 antiquitatis
2191 2012 2209 2045 ‚
2254 1981 2319 2031 et
2357 1990 2489 2031 cer·
2519 2005 2528 2014 ·

987 2092 1060 2142 ta
1104 2083 1492 2141 auctoritate
1533 2081 1719 2138 nixa.

1076 2195 1079 2198 ’
1116 2182 1236 2241 Est
1262 2179 1427 2239 haec
1459 2176 1689 2258 regula
1722 2174 1938 2256 magni
1964 2171 2043 2236 ad
2073 2185 2487 2255 praesentem

931 2303 945 2319 ¹
985 2281 1187 2347 crisin
1228 2279 1567 2342 momenti.
1614 2281 1629 2352 J
1658 2277 1917 2360 Habent
1961 2275 2218 2356 singula
2266 2295 2488 2337 musea

984 2402 1220 2446 numos
1281 2379 1735 2454 refractarios,
1801 2378 2122 2463 qui'nulli
2166 2397 2313 2439 sese
2359 2378 2496 2456 cali

987 2485 1153 2566 culo,
1204 2482 1740 2557 adcommodant,
1798 2501 2011 2564 neque
2069 2480 2283 2546 solum
2317 2465 2487 2541 'sub-

938 2567 1277 2661 ‘aeratos‚
1343 2601 1408 2649 et
1465 2584 1977 2660 semibarbaros,
2041 2602 2203 2670 quos
2262 2583 2329 2644 vi
2374 2584 2487 2645 're-

988 2692 1181 2774 gulae
1230 2692 1309 2751 11.
1354 2708 1484 2747 non
1530 2677 1677 2748 esse
1724 2677 2083 2747 audiendos
2127 2685 2298 2759 dixi,
2366 2683 2484 2746 sed

988 2807 1059 2856 et
1101 2792 1262 2855 alios
1326 2787 1533 2850 nulla,
1566 2785 1814 2848 fraudis
1873 2786 2246 2874 suspicione
2304 2800 2485 2850 nota-

972 2910 1121 2968 tos,
1183 2906 1251 2954 et
1305 2888 1492 2951 nitidi
1552 2890 1920 2966 commatis,
1976 2902 2117 2963 tum
2161 2901 2229 2950 et
2273 2890 2482 2951 omnis

984 2994 1256 3058 metalli.
1326 2991 1712 3085 Quaeritur,
1760 3012 1923 3075 quae
1969 2992 2052 3051 sit
2097 2990 2198 3051 his
2242 2989 2306 3051 in
2353 2991 2481 3052 hoc

984 3098 1284 3160 examine
1373 3093 1718 3157 tribuenda
1806 3093 2175 3157 auctoritas.
2282 3093 2482 3155 Ante·

986 3220 1178 3283 quam
1226 3196 1636 3280 respondeO,
1681 3194 2323 3258 animadvertendum
2351 3239 2367 3269 ,
2413 3193 2481 3255 id

985 3290 1194 3384 genus
1239 3316 1471 3363 numos
1517 3300 1678 3361 alios
1727 3318 1873 3359 esse
1917 3299 2317 3378 singulares,
2371 3310 2480 3358 aut

983 3424 1134 3466 raro
1181 3423 1410 3465 eorum
1458 3401 1644 3483 plura
1687 3401 1752 3459 in
1812 3402 2052 3461 muscis
2094 3400 2324 3461 haberi
2369 3383 2479 3461 exss

985 3497 1329 3587 emplaria,
1392 3504 1581 3565 alios·
1617 3521 1762 3562 esse
1823 3496 2089 3575 obvios,
2150 3514 2222 3562 et
2261 3501 2476 3582 vulgo

983 3607 1305 3687 cognitos.
1390 3607 1641 3666 Prioris
1721 3605 1985 3685 generis
2061 3623 2293 3663 numos
2364 3621 2478 3663 ne·

920 3732 921 3737 ¹
966 3702 1302 3791 'quaquam
1348 3706 1605 3786 iniquus
1648 3703 1847 3786 judex
1897 3702 2204 3776 videbor,
2249 3704 2304 3764 si
2343 3720 2478 3762 mo·-
2535 3771 2539 3776 ,

981 3808 1381 3868 uetat-iorum
1438 3800 1677 3888 culpae
1742 3803 2121 3866 tribuendos
2177 3804 2473 3878 edixere,

983 3926 1260 3990 quorum
1307 3905 1462 3966 alias
1508 3904 1791 3984 cognita
1831 3924 2157 3966 nonraro
2203 3903 2478 3967 oscitan-

979 4009 1105 4082 tia,
1154 4020 1219 4069 et
1257 4026 1532 4090 quorum
1577 4004 2209 4086 manifestos'lapsus
2244 4006 2310 4067 in
2350 4006 2476 4067 siu-

980 4109 1195 4192 gulari
1273 4128 1478 4189 opere
1556 4109 1813 4190 aperuit
1882 4108 2190 4168 Erasmus
2261 4108 2474 4169 Frffli-

910 4221 915 4224 ’
976 4212 1185 4276 chius.
1266 4213 1431 4273 Nam
1469 4214 1523 4272 si
1562 4233 1625 4275 v.
1664 4230 1719 4275 c.
1754 4209 1820 4269 in
1854 4198 2052 4270 numo
2084 4230 2292 4272 aeneo
2323 4213 2476 4272 Ale-

977 4315 1207 4380 xandri
1286 4314 1558 4387 Severi,
1641 4331 1857 4395 eoque
1941 4311 2129 4374 nitidi
2208 4313 2473 4388 laboris,

976 4438 1178 4502 quem
1226 4417 1381 4478 olim
1441 4414 1617 4477 edidi
1649 4398 1777 4493 b),⁴
1813 4416 2067 4476 exarari
2129 4418 2338 4497 potuit
2381 4417 2477 4475 in-

974 4521 1251 4603 scriptio
1318 4518 1627 4599 hybrida:
1716 4520 1791 4582 P.
1826 4520 1951 4580 --M.
2008 4519 2187 4580 R'rl.
2251 4519 2474 4581 PAGI-

2259 450 2682 538 ‘CAPVT
2750 459 2887 535 X.

2581 646 2901 721 *FERPq
2967 645 3156 731 isque
3199 643 3266 728 in
3310 644 3550 735 vulgus
3594 650 3795 729 mitti,
3823 687 3826 690 ·
3856 657 4108 737 nasein,

2612 769 2731 811 cur
2775 768 2905 809 non
2951 768 3158 828 aeque
3204 748 3268 809 in
3315 749 3759 837 insculpendis
3803 773 4108 829 monetae

2606 849 2903 912 numeris
2939 852 3230 933 potuerit
3270 851 3596 936 obrepere
3641 877 3871 937 error,
3911 854 4106 945 prae·

2569 953 2574 966 ’
2610 956 2804 1034 cipue
2842 972 2994 1015 cum
3023 955 3087 1012 in
3129 953 3230 1015 his
3262 957 3895 1037 perscribendis‚-ut
3929 964 4112 1046 paul.

2610 1057 2678 1119 lo
2723 1070 2871 1117 ante
2919 1055 3238 1156 disserui-3
3285 1058 3509 1120 multo
3552 1062 3913 1145 prolixius,
3976 1067 4108 1130 fre·

2611 1159 3045 1241 quentiusque
3108 1169 3444 1238 peccetur.
3542 1163 3646 1225 Ad
3705 1165 3869 1229 haec
3933 1187 4111 1234 erra·

2610 1272 2747 1320 tum
2794 1259 2986 1321 etiam
3029 1258 3496 1356 frequentet-'a
3546 1269 3927 1331 monetariis
3961 1270 4107 1353 jun.

2609 1375 2711 1426 cta
2747 1383 2890 1423 cum
2932 1360 3243 1446 principis
3281 1364 3636 1448 cujuspiam
3676 1370 3892 1452 capite
3923 1392 4109 1436 aver.

2605 1483 2708 1538 sa,
2768 1483 2932 1545 quae
2994 1465 3330 1526 luculente
3389 1480 3490 1527 est
3550 1467 3857 1548 alterius,
3920 1474 4105 1538 innu-

2606 1586 2786 1627 mera
2831 1563 3146 1628 habemus
3195 1567 3514 1649 exempla.
3608 1569 3937 1661 Quocirca
3990 1571 4106 1639 'nu-

2605 1669 2698 1728 mi
2757 1666 3038 1744 similes,
3097 1667 3220 1729 etsi
3282 1692 3318 1730 a
3380 1669 3611 1731 fraude
3667 1672 3800 1734 sint
3858 1678 4104 1755 eximii,

2606 1782 2731 1828 tam
2786 1790 3030 1851 ‚parum
3099 1769 3320 1833 valent
3392 1792 3510 1833 seu
3582 1773 3663 1834 ad
3735 1774 4103 1842 faciendam

2605 1868 2843 1946 fidem,
2925 1890 3042 1932 seu
3104 1872 3186 1936 ad
3247 1871 3693 1936 infirmandam
3757 1879 4101 1944 adversam

2605 1959 3028 2048 sententiam,
3093 1969 3282 2055 quam
3341 1996 3568 2057 parum
3630 1978 3876 2040 veteris
3933 1981 4105 2045 frau-

2605 2073 2705 2135 dis
2765 2075 2947 2136 numi
3006 2076 3366 2150 subaerati,
3430 2098 3576 2139 cum
3621 2078 3899 2162 perinde
3945 2104 4101 2149 saue

2547 2197 2555 2206 ·
2604 2177 2722 2252 sit,
2783 2190 3000 2239 utrum
3061 2198 3294 2238 numus
3356 2180 3705 2241 monetarii
3762 2180 3960 2260 dolo,
4020 2206 4099 2248 an

2601 2277 3129 2342 incuriafalsum
3179 2276 3436 2345 efferat.
3496 2281 3702 2358 Novi,
3746 2283 4100 2368 hujus-sar-

2601 2380 2695 2441 ris
2757 2400 3051 2441 mercem
3110 2399 3244 2442 non
3304 2402 3492 2456 raro,
3561 2397 3629 2444 et
3690 2405 3887 2469 saepe
3950 2407 4094 2451 etun

2600 2481 2781 2543 hiatu
2824 2480 3260 2570 ⁶approbatam
3322 2482 3400 2544 ab
3445 2485 3830 2563 Harduino,
3889 2489 4096 2552 Pane·

2601 2583 2730 2658 lio,
2793 2583 3066 2666 aliisque
3127 2585 3501 2661 nonnullis,
3563 2588 3874 2651 nimirum
3921 2590 4094 2673 quod

2600 2683 3041 2765 singularibus
3129 2685 3262 2755 suis
3349 2689 3693 2751 sententiis
3778 2689 4094 2766 faverent,

2545 2800 2577 2821 ··
2600 2808 2757 2872 quas
2786 2808 2983 2850 nemo
3014 2787 3207 2862 alius,
3254 2787 3521 2853 et-forte
3554 2811 3638 2854 ne
3672 2790 3795 2875 ipsi
3829 2792 4093 2876 quidem

2598 2905 2901 2952 auctores
2946 2880 3131 2953 veras
3169 2886 3342 2975 forte
3380 2894 3770 2974 putaverint.
3857 2898 3943 2957 At
3983 2914 4095 2961 ve·

2598 3014 2708 3067 ro,
2771 2996 2884 3076 qui
2945 3012 3096 3056 sane
3155 2991 3565 3085 judicabunt,
3625 3015 3888 3057 mecum
3944 3016 4097 3059 con·

2598 3091 2881 3157 sentient
2926 3114 3186 3170 omnes,
3244 3116 3504 3159 omnem
3548 3096 3683 3158 illis
3727 3097 4092 3183 negandam

2598 3198 3081 3271 auctoritatem,
3138 3209 3206 3257 et
3252 3197 3425 3280 quod
3471 3220 3665 3281 supra
3707 3201 4094 3283 pronuncia·

2594 3318 3055 3371 veram‚<non
3118 3318 3312 3379 posse
3378 3313 3684 3361 evertere
3731 3298 4092 3362 doctrinam

2597 3399 2907 3486 certis-et
2952 3398 3235 3478 copiosis
3280 3399 3423 3459 aliis
3469 3400 3904 3461 monumentis
3943 3421 4096 3464 con-

2533 3543 2536 3548 ·
2590 3497 2932 3560 firmatam.
3021 3498 3316 3561 Alterum
3366 3522 3610 3585 genus,
3659 3518 3731 3591 ut
3773 3502 3946 3575 dixi,
3991 3516 4100 3566 est·

2594 3621 2824 3662 eorum
2886 3619 3270 3678 mimorum,
3339 3604 3450 3685 qui
3510 3625 3643 3667 non
3702 3604 4097 3686 singulares,

2592 3701 2710 3762 sed
2741 3702 3260 3786 frequentiores,
3299 3704 3451 3786 quin
3484 3725 3678 3790 saepe
3712 3706 3889 3781 obvii
3919 3719 4090 3780 sunt,

2592 3823 2667 3866 ac
2716 3803 2884 3881 triti,
2927 3819 2999 3866 et
3037 3804 3371 3869 doctrinae
3411 3820 3628 3870 cetera
3665 3791 4093 3871 solide'com-

2591 3906 2902 3988 probatae
2964 3921 3354 3991 repugnant.
3446 3911 3548 3969 En
3610 3909 3730 3973 tibi
3786 3909 4092 3993 exempla

2591 4009 2872 4091 aliquot=
2939 4008 3004 4067 in
3068 4008 3365 4090 pluribus
3428 4013 3866 4076 monumentis
3932 4013 4096 4074 anti·

2591 4110 2734 4192 quis
2810 4109 3056 4191 legitur
3093 4138 3096 4145 ’
3135 4112 3481 4173 Commodi
3562 4115 3744 4179 trib.·
3802 4127 4091 4197 potestus

2590 4211 2862 4286 xv111.‚
2929 4232 3091 4295 quae
3135 4226 3350 4279 tamen
3398 4217 3649 4277 auctior
3699 4230 3833 4290 est,
3895 4237 4088 4296 quam

2590 4325 2662 4373 ut
2698 4333 2839 4374 eam
2877 4314 2942 4373 in
2981 4334 3364 4398 quacunque
3411 4319 3729 4380 sententia
3770 4318 4087 4380 hactenus
4179 4378 4186 4381 ,

2590 4417 2848 4497 cognita
2911 4418 3210 4505 potuerit·
3263 4441 3632 4481 numerare.
3669 4428 3684 4438 ‘
3737 4422 3811 4481 In
3872 4420 4092 4481 numia
4153 4428 4156 4435 '

2589 4518 2868 4581 Macrini
2915 4518 3122 4583 obviis
3168 4519 3412 4602 legitur
3457 4522 3596 4583 ΤΒ.
3629 4521 3708 4583 Ρ.
3740 4523 3820 4585 11.
3854 4519 4087 4595 COS„

984 4664 4079 4700 xm—-W——ss—-m

1044 4730 1109 4796 a)
1154 4725 1215 4785 Β.
1259 4723 1321 4779 L.
1364 4681 1528 4783 Toni.
1566 4723 1698 4793 XII.
1738 4725 1907 4811 Metn.
1947 4745 2007 4805 p.
2048 4734 2171 4800 390.

2376 4726 2446 4801 b)
2486 4726 2658 4785 Num.
2701 4740 2812 4788 vet.
2853 4747 2915 4808 p.
2957 4740 3083 4796 312,
