4388 5576
951 472 1103 547 DE
1175 468 1915 588 TmBVNI'IJIA
1977 457 2725 576 PonTsssTATE.

304 664 371 723 P.
415 663 491 725 X.
536 655 659 721 253
702 654 1055 739 arripuisse
1098 654 1478 739 imperium,
1541 656 1795 741 conspi-

300 776 451 828 rant
495 757 1054 842 chronologorum
1103 757 1518 841 peritissimi,
1564 771 1632 820 et
1675 778 1794 820 nos

304 888 449 929 cum
508 862 677 938 illis,
738 874 809 923 ut
869 862 1150 927 diximus
1203 861 1272 921 in
1324 873 1587 923 moneta
1632 862 1796 921 Tre·

300 967 595 1031 boniani:
644 965 1044 1049 Contingere
1090 962 1266 1025 istud
1309 963 1521 1025 serius
1567 981 1794 1025 mense

304 1077 599 1155 Augusto
645 1088 776 1130 non
821 1067 1146 1150 potuisse,
1192 1064 1388 1133 docet
1433 1064 1795 1137 Tillemon-

300 1175 427 1237 tius
461 1176 553 1254 ὃ),
611 1189 732 1232 nos
788 1167 857 1227 in
914 1188 1151 1232 annum
1199 1166 1797 1232 exeuntem‘distu·

304 1275 518 1336 limus.

303 1376 436 1441 hoc
478 1395 646 1438 anno
690 1372 842 1435 trib.
882 1384 1201 1455 potestate
1249 1368 1524 1456 perinde
1569 1391 1644 1434 ac
1689 1391 1798 1452 pa-

301 1493 473 1547 trem
559 1474 962 1559 praeditum,
1049 1486 1313 1556 praeter
1398 1472 1796 1540 tribunatum

301 1582 519 1655 XVI„
587 1581 697 1663 qui
743 1578 884 1662 ejus
927 1588 1301 1660 postremus
1345 1572 1503 1652 fuit,
1558 1589 1628 1637 ct
1684 1595 1801 1637 ne-

301 1682 588 1748 cessari-o
649 1683 715 1741 ih
779 1701 1012 1742 annum
1090 1679 1170 1746 V.
1233 1677 1308 1740 C.
1373 1693 1524 1738 nost
1603 1671 1795 1754 cadit,

299 1782 536 1868 probat
570 1783 765 1843 etiam
801 1801 1089 1844 marmor
1120 1779 1503 1856 Muratorii,
1564 1779 1629 1840 in
1666 1801 1795 1861 quo

300 1884 478 1946 idem
533 1885 897 1947 tribunatus
947 1883 1096 1948 Vll.
1141 1879 1450 1943 tribuitur
1494 1894 1623 1943 tam
1668 1884 1798 1950 Va·

300 1985 591 2061 lex-iano,
677 2006 868 2074 quam
955 1982 1258 2051 Gallieno
1308 1979 1399 2066 l⁵).
1485 1981 1794 2049 Eundem

299 2108 535 2148 annum
598 2087 687 2155 V(
743 2090 815 2151 C.
889 2104 1039 2148 1021
1119 2086 1319 2147 fuisse
1386 2099 1792 2178 postremum

300 2188 622 2266 Gallieni,
669 2202 732 2252 et
775 2187 1058 2275 primum
1105 2187 1391 2262 Claudii,
1453 2200 1629 2276 patet
1674 2185 1800 2247 eti-

298 2312 399 2352 am
463 2310 544 2353 ex
609 2311 726 2367 eo,
769 2288 968 2375 ,quod
1028 2310 1198 2352 anno
1257 2290 1561 2373 proximo
1606 2289 1795 2353 Clau-

298 2391 443 2459 dius
509 2412 695 2455 more
763 2392 1157 2486 plerumque
1221 2403 1497 2475 recepto
1562 2391 1794 2454 consul

294 2493 641 2577 processit.
732 2494 1013 2557 Cassum
1102 2492 1474 2555 Gallienum
1562 2511 1791 2554 mense

295 2594 571 2670 Martio,
630 2608 929 2658 tenemus
974 2617 1053 2658 ex
1102 2592 1478 2672 Trebellio,
1524 2593 1636 2676 qui
1675 2614 1792 2656 no·

292 2715 380 2758 no
427 2696 580 2768 Kal.
632 2699 840 2781 April.
890 2698 1154 2763 allatum
1205 2695 1271 2756 in
1323 2697 1556 2758 urbem
1606 2695 1793 2759 Clau·

293 2798 389 2862 dii
433 2799 514 2861 ad
555 2800 905 2882 imperium
965 2798 1181 2864 evecti
1239 2790 1550 2863 nuncium
1595 2797 1793 2882 signi-

288 2899 445 2969 ficat
476 2902 557 2985 ο).
645 2905 733 2970 Vt
776 2902 954 2964 numi
997 2900 1280 2971 Romani
1322 2900 1627 2968 Gallieno
1680 2899 1793 2969 tri·

275 3002 501 3065 ,buunt
541 3004 904 3068 tribunatus
951 3004 1162 3082 xvh,
1220 3001 1314 3067 sic
1359 3001 1793 3072 Alexandrini

288 3122 498 3170 Annos
541 3106 639 3179 Is.
942 3086 977 3173 N,

421 3208 523 3267 Ex
578 3205 714 3282 his,
775 3224 939 3288 quae
994 3202 1194 3266 modo
1254 3202 1792 3271 commemoravi-

291 3326 472 3381 mus,
533 3318 749 3388 patet,
807 3306 1001 3371 etiam
1057 3305 1125 3365 in
1185 3305 1491 3371 Gallieno
1551 3303 1789 3367 fallere

288 3427 529 3469 ,eorum
591 3406 1014 3484 sententiam,
1098 3406 1208 3490 qui
1269 3406 1468 3469 natali
1526 3406 1791 3488 imperii

288 3510 594 3571 iteratam
639 3507 790 3574 trib.
821 3521 1226 3592 potestatem
1272 3508 1537 3577 docent.
1622 3507 1788 3571 Nam

295 3609 354 3677 si
396 3610 622 3673 natalis
668 3611 775 3672 hic
810 3610 941 3674 -fuit
981 3631 1208 3675 mense
1250 3613 1549 3694 Augusto
1591 3610 1674 3675 V.
1716 3612 1789 3674 C.
1838 3662 1850 3673 ,

292 3714 462 3785 ,ιοοὸ
521 3715 598 3795 P.
653 3714 739 3777 X.
799 3713 956 3791 253,
1020 3713 1172 3781 trib.
1223 3726 1519 3797 potestas
1575 3713 1786 3788 XVI„

282 3837 486 3900 quam
548 3814 834 3878 Gallieni
910 3816 1093 3882 numi
1164 3813 1489 3893 offerunt,
1565 3814 1788 3897 coepit

294 3920 531 3982 eodem
594 3938 823 3981 mense
882 3919 966 3985 V.
1031 3919 1104 3980 C.
1156 3918 1309 3981 που
1371 3918 1447 3979 Ρ.
1492 3916 1589 3980 X.
1637 3915 1783 3982 208.

293 4021 543 4086 Verum
567 4021 908 4084 Gallienus
945 4033 1240 4083 mortuns
1266 4021 1391 4106 jam
1433 4032 1573 4083 erat
1605 4040 1785 4082 men-

279 4142 364 4185 se
407 4125 647 4187 Martio
701 4123 999 4207 ejusdem
1056 4124 1240 4200 anni,
1299 4144 1429 4208 quo
1484 4135 1786 4205 tempore

295 4223 650 4287 secundum
710 4212 826 4292 cos
888 4226 1195 4291 currebat
1238 4227 1377 4311 ejus
1420 4226 1784 4289 tribunatus

293 4322 439 4396 XV.
524 4327 708 4408 Ergo
735 4343 812 4401 ‚ut
851 4349 1078 4395 eornm
1120 4329 1416 4393 doctrina
1444 4330 1782 4405 consistat,

294 4444 571 4490 necesse
606 4443 740 4507 est,
788 4445 896 4495 aut
933 4433 1279 4514 imperium
1311 4431 1626 4510 Gallieni,
1656 4445 1784 4503 ,aut

278 4528 439 4611 ejus
471 4543 752 4594 mortem
779 4532 1052 4616 ¹longius
1090 4533 1399 4612 differre,
1428 4534 1618 4620 ,quod
1654 4535 1782 4619 ipsi

605 1272 839 1335 Fuisse
912 1269 1284 1334 Gallienum
1357 1268 1484 1348 jam
1557 1269 1823 1332 codem‘

3147 506 3153 512 ’
3248 493 3389 566 1ιὶιὸ

1910 655 2177 734 nolunt,
2241 669 2348 720 aut
2392 678 2647 719 mecum
2694 655 3029 736 confiteri,
3076 661 3240 727 hanc
3283 687 3399 751 po-

1908 771 2211 822 testatem
2268 749 2444 824 αυῑί
2469 760 2713 823 exitum
2759 749 2988 823 natalis
3032 759 3234 828 fuisse
3281 767 3400 832 ite-

1907 876 2115 925 ratam
2159 862 2310 925 anni
2354 860 2699 945 principio.
3033 945 3038 950 Ι

2041 968 2354 1028 Ceterum
2385 964 2590 1026 nolim
2622 963 2812 1046 hujus
2847 965 3035 1054 meae
3065 961 3408 1032 doctrinae

1906 1063 2106 1138 fidem
2153 1065 2238 1129 ad
2280 1087 2513 1130 numos
2560 1064 2877 1143 Gallieni,
2925 1080 3002 1130 et
3053 1068 3402 1155 inscriptos

1908 1168 2010 1231 his
2053 1169 2417 1234 tribunatus
2462 1163 2813 1252 explorari,
2855 1170 3051 1239 ‘Nam
3099 1186 3247 1260 sunt
3292 1167 3422 1236 ho·-⁴

1908 1291 2056 1334 rum
2114 1289 2248 1330 non
2304 1271 2526 1362 pauci,
2585 1269 2654 1332 in
2714 1268 2947 1355 quibus
3004 1274 3207 1356 juncti
3238 1296 3402 1343 ‘cum

1904 1370 2074 1432 iuis-
2116 1371 2485 1435 consulatus
2559 1393 2698 1435 eam
2774 1386 3000 1456 aperte
3077 1375 3404 1442 evertunt.

1913 1472 2090 1566 Quid
2133 1474 2384 1558 igitur?
2431 1496 2509 1536 an
2554 1475 2838 1537 cessabis
2882 1474 3185 1537 fallacem
3229 1491 3404 1546 tuam

1911 1577 2248 1662 aspernari
2303 1577 2724 1653 sententiam,
2787 1593 2856 1638 et
2897 1579 3207 1668 aqiplecti
3250 1577 3408 1653 alte·

1910 1678 2100 1742 ram?
2161 1683 2300 1741 Irno
2348 1697 2507 1741 vero
2553 1702 2588 1741 a
2635 1677 2912 1753 malleo,
2957 1678 3280 1762 utajunt,
3325 1680 3408 1742 ad
3513 1746 3518 1750 q

1910 1779 2238 1842 incudem.
2310 1781 2570 1850 Etenim
2609 1781 2813 1843 altera
2853 1800 3112 1864 quoque
3149 1785 3408 1842 senten-

1911 1881 1997 1950 tia
2047 1901 2196 1950 eum
2242 1882 2309 1942 in
2357 1882 2620 1943 modum
2685 1882 2915 1944 iisdem
2961 1882 3151 1949 nodis
3196 1883 3408 1965 impli-

1911 1996 2126 2058 catur,
2186 1996 2256 2044 ut
2302 1983 2440 2069 ejus
2485 1998 2796 2069 patronus
2842 1984 3211 2048 Bandurius
3247 2007 3406 2069 ⁴pro·

1907 2084 2082 2151 fiteri
2131 2106 2262 2147 non
2308 2107 2458 2153 raro
2489 2101 2810 2170 cogatur,
2855 2089 2978 2149 hos
3012 2071 3258 2150 illosve
3289 2108 3407 2147 nu·

1909 2208 2053 2248 mos
2108 2186 2290 2250 fastis
2344 2205 2570 2271 aperte
2628 2209 3021 2274 repugnare.
3107 2188 3291 2272 Ergo
3338 2185 3456 2251 et'

1905 2287 2030 2373 ipsi
2087 2289 2303 2367 numi,
2363 2290 2667 2352 nimirum
2730 2292 2899 2353 male
2962 2290 3208 2352 sinceri
3264 2289 3405 2373 ejus

1904 2390 2055 2456 aevi
2132 2404 2369 2467 testes,
2459 2381 2982 2474 experimentum
3063 2391 3402 2477 praebent,

1904 2513 2099 2577 quam
2144 2493 2363 2554 nullus
2406 2493 2609 2570 ordo,
2653 2495 2834 2565 nulla
2877 2494 3042 2557 ratio
3087 2494 3153 2553 in
3198 2492 3404 2557 l'evio·
3483 2487 3484 2492 ’

1907 2593 2088 2655 ribus
2151 2594 2348 2656 etiam
2385 2592 2612 2657 'rebus
2675 2596 3037 2680 imperante
3099 2594 3401 2660 Gallieno

1907 2695 2298 2786 constiterit.
2389 2694 2622 2788 Quare
2699 2717 2846 2759 cum
2938 2696 3401 2769 dissidentibus

1907 2799 2049 2862 aliis
2093 2798 2205 2862 'alii
2249 2799 2470 2884 legem
2529 2820 2740 2861 meam
2784 2797 2982 2863 facile
3026 2816 3402 2887 sequantur,

1900 2916 1976 2970 „et
2033 2922 2265 2966 eorum
2329 2884 2553 2996 iniquo
2616 2901 2870 2968 calculo
2930 2892 3399 2991 qualiscunque

1903 3002 2030 3094 alia
2073 3004 2393 3066 sententia
2437 3006 2979 3091 aeque-laboret,
3023 3027 3154 3085 non
3194 3008 3402 3090 patiar

1904 3127 1944 3169 ,a
1986 3125 2137 3167 meo
2182 3126 2291 3167 me
2333 3104 2666 3184 instituto,
2708 3107 3247 3191 praecedentium
3283 3109 3402 3170 im·-

1903 3220 2284 3289 peratorum
2349 3206 2561 3268 numia
2634 3219 2765 3275 tam
2832 3207 3037 3272 nitide
3079 3229 3402 3290 compro·

1902 3303 2057 3373 bato
2116 3305 2478 3382 dimoveri,
2538 3307 2891 3390 praecipue
2960 3331 3109 3372 cum
3169 3308 3397 3372 adver·

1905 3404 2090 3470 sariis
2121 3407 2302 3469 nulla
2334 3409 2503 3474 ratio
2536 3422 2799 3493 praesto
2837 3409 2953 3486 sit,
2998 3410 3397 3478 tribunatum

1890 3510 2076 3579 -va
2115 3530 2263 3574 cum
2301 3510 2595 3574 doctrina
2630 3531 2742 3573 sua
2774 3509 3189 3575 conciliandi.
3279 3510 3402 3577 Ce..'

1902 3625 2119 3684 terum
2149 3633 2426 3677 necesse
2458 3632 2588 3676 non
2623 3628 2722 3677 est
2749 3610 3061 3698 repetere
3082 3659 3098 3689 ‚
3142 3615 3256 3701 qui
3281 3639 3397 3681 nu*
3423 3658 3440 3667 -

1903 3715 1995 3776 mi
2044 3714 2320 3798 singulis
2372 3715 2715 3778 sententiis
2767 3729 2875 3779 aut
2921 3716 3222 3794 obstent,
3284 3731 3396 3780 aut

1901 3815 2181 3887 faveant.
2267 3819 2403 3881 Eos
2447 3838 2572 3902 ego
2613 3819 2762 3887 loco
2799 3839 2917 3882 suo
2951 3839 3200 3881 summa
3242 3839 3394 3883 cum

1893 3919 2064 3997 fide,
2127 3934 2197 3983 et
2249 3921 2670 3985 adcuratione
2730 3941 2815 3984 ex
2877 3912 3218 4004 catalogis,
3282 3921 3394 4006 qui

1901 4022 2295 4085 sinceriores
2339 4023 2463 4087 visi
2507 4039 2685 4103 sunt,
2730 4012 3069 4107 congessi,
3113 4018 3192 4083 ut⁸
3223 4022 3391 4093 adeo

1894 4123 2108 4188 cuivis
2169 4124 2365 4188 facile
2426 4124 2541 4205 sit,
2616 4146 2732 4189 eos
2795 4147 2946 4189 cum
3003 4145 3390 4210 quacunque

1889 4225 2155 4291 libitum
2180 4226 2387 4291 suerit
2417 4231 2740 4294 sententia
2771 4227 3196 4293 contendere.
3242 4229 3392 4288 Non

1896 4329 2159 4395 'videtur
2184 4329 2313 4394 hoc
2346 4331 2495 4396 loco
2527 4329 2972 4406 reticendum,
3009 4325 3389 4393 Chamillar·

1899 4431 2051 4494 dum
2080 4433 2145 4493 in
2175 4431 2665 4506 dissertatione,
2709 4454 2875 4518 qnae
2909 4418 3023 4497 est'
3042 4430 3109 4491 in
3137 4432 3386 4493 Memo-

1894 4535 2011 4605 riis
2054 4532 2625 4601 Treroltiensibus
2668 4533 2989 4604 Novemb.
3033 4554 3191 4619 ¹7¹9
3235 4554 3382 4619 pag.

346 4747 427 4815 ..3)
469 4745 531 4803 in
567 4741 943 4811 ‚Treboniam
968 4755 1105 4808 nota
1141 4745 1247 4816 111.

1407 4802 1409 4804 ,
1448 4749 1520 4820 b)
1557 4749 1701 4828 Peg..
1730 4754 1857 4820 460.
1897 4761 1948 4814 5.

2154 4758 2213 4826 c)
2258 4754 2319 4811 in
2359 4754 2571 4817 Claud..
2611 4778 2661 4815 c.
2697 4768 2752 4823 4.
