4388 5576
1122 560 1229 631 54

1128 728 1319 780 metae
1370 726 1706 798 repertum
1741 733 1908 777 anno
1939 716 2097 797 1798
2124 717 2415 801 vulgavit
2444 719 2622 779 Iaeo·

1129 818 1250 881 bus
1264 817 1628 893 Morellius,
1661 816 1952 898 ejusdem
1975 816 2409 881 bibliothecae
2437 840 2624 903 prae-

1130 918 1342 981 fectus
1400 916 1848 1001 dignissimus,
1892 919 1959 978 in
2002 940 2129 1002 quo
2173 920 2454 1003 legitur:
2522 945 2621 981 και

1133 1018 1170 1095 ἦ
1223 1018 1508 1101 §novus-tea
1560 1018 1596 1096 ἦ
1656 1043 1730 1079 τε
1793 1040 2017 1095 ‘nav-eof
2084 1019 2336 1097 ἅκριβως
2397 1018 2623 1098 ἐδοὸη,

1135 1142 1421 1200 neonem·
1449 1142 1578 1205 (γαρ
1620 1120 1829 1193 ἄλλως
1877 1117 2009 1181 ἄνευ
2054 1118 2467 1204 ψηφισματος
2498 1121 2628 1184 ἑπε-

1135 1222 1449 1302 φημιζετο,
1484 1234 1549 1281 et
1586 1243 1821 1283 nomen
1855 1224 1966 1284 illi
1990 1227 2212 1303 patris
2233 1229 2366 1287 rite
2399 1228 2630 1292 datum
2707 1254 2713 1260 ·
2779 1246 2792 1261 ·

1136 1335 1258 1396 est,
1294 1343 1444 1383 nam
1473 1334 1671 1383 antea
1713 1343 1844 1384 non
1870 1324 2169 1406 legitime
2201 1330 2346 1390 siue
2373 1330 2630 1391 decreto

1137 1427 1236 1484 sic
1260 1424 1744 1504 appellabatur.

1518 1609 1595 1671 P.
1624 1604 1762 1682 143.
1796 1610 1922 1674 col.
1950 1626 2009 1674 2.
2043 1610 2247 1688 limo.

1265 1726 1351 1786 At
1380 1726 1510 1807 jam
1543 1747 1710 1789 anno
1742 1727 2215 1810 praecedente,
2269 1747 2508 1811 nempe
2544 1729 2628 1796 U.

1138 1828 1210 1890 C.
1245 1836 1389 1905 744.
1427 1827 1626 1889 fuisse
1663 1831 1837 1890 IMP.
1866 1832 2066 1905 XIIL,
2104 1830 2312 1892 efficit
2345 1850 2629 1891 marmor

1137 1930 1352 1990 Musei
1384 1930 1788 1994 Veronensis
1825 1953 1970 2014 pag.
1994 1936 2110 2013 95,
2149 1933 2211 1993 in
2247 1953 2376 2015 quo
2407 1934 2632 2014 Augu-

1138 2043 1272 2091 stus
1334 2028 1573 2091 dieitur
1652 2033 1834 2094 COS.
1896 2035 2002 2093 XI.
2065 2036 2413 2100 TRIBVN.
2479 2033 2633 2097 PO-

1140 2132 1392 2197 TEST.
1424 2133 1605 2197 XIII.
1629 2134 1805 2197 IMP.
1836 2133 2004 2194 XIII.

1498 2321 1571 2381 P.
1608 2318 1746 2397 ¹75·
1775 2317 1903 2381 col.
1939 2339 1992 2382 ι.
2017 2320 2136 2380 lin.
2177 2338 2271 2382 ι2.

1264 2438 1620 2520 Exemplar
1675 2437 1864 2523 liujus
1922 2439 2133 2515 numi,
2198 2437 2374 2523 quod
2432 2438 2630 2505 Sesti-

1137 2538 1283 2601 nius
1330 2542 1479 2603 loco
1525 2539 1633 2603 hie
1682 2540 1874 2603 citato
1926 2560 2007 2602 ex
2044 2561 2273 2603 museo
2313 2542 2470 2603 olim
2509 2541 2631 2604 Os·

1141 2663 1287 2703 man
1324 2644 1463 2724 Bey
1504 2642 1825 2725 vulgavit,
1868 2662 2012 2705 esse
2042 2644 2198 2706 artis
2238 2642 2629 2720 modernae,

1149 2742 1370 2806 docuit
1428 2765 1533 2807 me
1612 2743 1696 2809 cl.
1759 2744 2203 2829 Cousineryus
2262 2745 2402 2829 ejus
2457 2764 2630 2808 nunc

1145 2846 1353 2908 musei
1385 2866 1744 2927 possessor.

1513 3033 1589 3092 P.
1618 3046 1756 3113 ¹9²·
1790 3032 1916 3094 col.
1952 3055 2006 3095 ι.
2039 3032 2157 3098 lin.
2192 3055 2247 3094 ι.

1266 3151 1398 3212 Pro
1436 3147 1624 3212 COS.
1661 3153 1771 3215 111.
1812 3153 1964 3236 lege
1996 3152 2186 3217 COS.
2224 3155 2361 3219 1111.

1508 3339 1585 3400 P.
1608 3335 1751 3401 203.
1788 3338 1914 3401 col.
1944 3338 2143 3403 ι.“Ιίη.
2168 3355 2272 3419 aq.
2353 3393 2368 3414 ἰ

1027 3540 1039 3548 δ
1275 3455 1444 3516 Sane
1479 3468 1545 3516 et
1574 3443 2098 3519 Pellerinio'non
2124 3459 2490 3540 probantur
2520 3480 2633 3521 nu·

1148 3557 1238 3617 mi
1281 3577 1428 3618 cum
1496 3559 1633 3619 TR.
1676 3558 1752 3618 Ρ.
1797 3557 1997 3624 XXV.
2042 3581 2166 3643 pro
2212 3562 2520 3638 XXXV.,
2564 3575 2635 3623 nt

1150 3657 1340 3720 video
1382 3677 1469 3719 ex·
1501 3657 1803 3739 epistola,
1861 3679 2051 3742 quam
2078 3661 2133 3723 is
2164 3683 2332 3725 anno
2372 3664 2531 3745 1765
2555 3661 2634 3726 ad

1148 3759 1481 3821 Rhellium
1517 3772 1809 3821 nostrum
1843 3760 2135 3824 dederat.

1380 4006 1386 4012 ¹
1430 3948 1501 4007 P.
1537 3962 1678 4005 2ιι.
1715 3945 1838 4007 col.
1880 3969 1932 4010 1.
1958 3962 2112 4026 post
2140 3951 2262 4013 lin.
2297 3952 2356 4015 ὁ.

1281 4055 1723 4124 ΔΡΟΤΣΟΣ
1784 4063 1952 4124 ΚΑΙ
2010 4060 2641 4132 PEPMANIKOE

1271 4156 1763 4225 ΚΑΙΣΑΡΕΣ
1819 4158 2049 4228 NEOI
2094 4164 2315 4229 ΘΕΟΙ
2372 4163 2647 4234 ‹DIAA-

1274 4259 1868 4330 AEA‹1101.Jdem
1895 4277 2110 4350 typus.

1148 4362 1395 4444 ΓΑῙΩ.
1474 4359 1828 4429 ΑΣῙΝΙΩ
1905 4364 2411 4435 ΠΟΛΛῙΩΝῙ
2476 4370 2643 4437 AN-

1155 4461 1597 4531 ΘΤΠΑΤΩ.
1627 4468 1809 4530 Idem
1832 4482 2050 4554 typus.
2080 4475 2221 4540 AE.
2252 4492 2288 4539 2
2319 4477 2518 4558 (Mus.
2555 4479 2638 4544 cl.

1152 4566 1536 4651 Cousineryi
1574 4569 1941 4656 Smyrnae.)

2307 479 3079 624 ADDE⁸NDA

3110 712 3185 783 P.
3207 719 3351 783 228.
3378 720 3507 784 col.
3536 741 3593 783 1.
3627 722 3762 784 lin.
3793 726 3891 787 14·

2749 908 2753 912 Α
2861 839 3198 915 Poenitet‚
3237 860 3341 901 me
3375 853 3505 902 tam
3535 840 3654 902 diu
3686 835 4096 923 explicandis
4124 840 4204 900 hu·

2735 939 3056 1022 jussuumi
3099 942 3304 1004 causis
3349 943 3805 1005 immoratum.
3877 940 4067 1001 Illum
4103 961 4206 1002 cre·

2739 1041 2883 1104 dam
2916 1062 3122 1125 aeque
3150 1045 3459 1127 spurium,
3494 1059 3697 1129 atque
3727 1044 3941 1109 alium
3980 1043 4202 1113 Vitellii,

2743 1164 2937 1226 quem
2994 1144 3167 1206 idem
3215 1159 3440 1209 auctor
3480 1147 3560 1209 ab
3608 1146 3862 1209 iisdem
3914 1146 4205 1208 Iliensibus

2742 1260 3064 1330 signatum
3119 1246 3562 1324 confidenter,
3621 1262 3687 1312 at
3725 1269 4085 1335 perperam
4117 1248 4207 1326 iae·

2742 1348 2921 1415 tavit.
2954 1348 3124 1417 Vide
3163 1349 3331 1412 infra
3362 1348 3692 1413 Addenda
3721 1350 3812 1413 ad
3839 1371 3997 1435 pag.
4029 1351 4152 1432 31q.

3107 1519 3184 1582 P.
3206 1524 3352 1591 241.
3386 1520 3510 1581 col.
3532 1536 3594 1584 2.
3626 1519 3754 1584 liu.
3788 1541 3890 1601 ¹7·

2870 1634 3182 1698 Similem·
3225 1651 3639 1721 argenteum,
3721 1638 3850 1703 sed
3918 1637 4208 1723 propdm

2743 1738 3063 1820 spurium,
3113 1759 3328 1821 nuper
3383 1739 3449 1801 in
3493 1762 3792 1803 museum
3853 1743 4210 1804 Caesareum

2743 1838 2952 1903 intuli.
3016 1842 3244 1924 Neque
3292 1842 3554 1923 majoris
3597 1840 3755 1905 fidei
3791 1842 4064 1907 videtur
4096 1862 4209 1903 esse

2744 1940 2913 2002 alter
2929 1941 3214 2024 Philippi
3253 1963 3391 2007 sen.
3422 1963 3566 2004 eum
3595 1944 3831 2007 eadem
3862 1945 4210 2027 epigraphe.

2742 2045 2891 2105 Non
2943 2056 3102 2125 puto
3155 2058 3410 2107 exstare
3459 2065 3690 2110 numos
3748 2046 3848 2109 sie
3894 2046 4210 2129 inscn’ptos

2743 2143 2867 2206 nisi
2901 2145 2968 2207 in
3002 2158 3264 2208 moneta
3294 2145 3529 2210 Severi
3561 2159 3629 2209 et
3658 2143 3981 2210 filiorum.

3123 2331 3364 2404 Palm.
3388 2330 3511 2391 col.
3537 2347 3594 2391 2.
3616 2330 3737 2393 lin.
3761 2335 3874 2396 25.

2869 2448 3029 2532 Ejus
3063 2449 3299 2537 templi
3347 2449 3639 2511 meminit
3669 2471 3975 2515 marmor
4005 2454 4217 2517 edium

2745 2573 2780 2613 a
2829 2550 3134 2614 Maffeioz
3209 2554 3408 2634 (Mus.
3453 2554 3615 2619 Ver.
3655 2574 3721 2635 p.
3748 2554 3898 2649 96.)
3971 2555 4216 2649 QYOD.

2746 2653 2935 2715 EST.
2971 2654 3161 2721 SVB.
3205 2654 3597 2722 TEMPLO.
3623 2655 3837 2722 DIVI.
3889 2658 4212 2725 CLAVDI.

3257 2845 3335 2908 P.
3358 2840 3510 2925 3¹9·
3533 2843 3651 2907 lin.
3677 2862 3737 2907 2.

2874 2958 3099 3020 Meum
3146 2959 3323 3024 istud
3366 2961 3676 3045 judicium
3723 2962 4104 3029 liberaliter
4131 2985 4217 3024 ne·

2745 3077 2869 3140 per
2924 3059 3332 3129 confirmavit
3376 3067 3753 3147 praeclarus
3799 3068 4216 3149 consina-fas

2748 3161 3219 3226 communicato
3290 3185 3550 3229 meeum
3607 3189 3811 3231 numo
3876 3170 4216 3232 Iliensium.

2748 3284 2946 3347 quem
3003 3264 3319 3328 Sestinius
3362 3288 3445 3331 ex
3495 3289 3725 3332 museo
3774 3270 4060 3336 osmani
4109 3273 4218 3347 Bey

2745 3367 3068 3451 vulgavit,
3120 3368 3423 3450 (Lettere
3465 3372 3545 3435 Τ.
3586 3374 3697 3439 IV.
3744 3395 3808 3457 p.
3839 3377 4023 3455 ιιο.)
4074 3368 4217 3456 quod

2745 3489 2920 3532 nune
2949 3489 3154 3552 penes
3192 3471 3663 3554 Cousineryum
3691 3489 3813 3536 est.
3853 3477 4112 3537 Numus
4141 3473 4220 3535 ἑὲ

2748 3571 3069 3655 genuinus
3107 3593 3260 3635 sane
3300 3587 3431 3651 est,
3476 3574 3730 3659 fuitque
3764 3592 3918 3640 ante
3954 3578 4219 3640 oblatu

2748 3673 2974 3738 vitium
3030 3675 3217 3738 talis:
3300 3620 3891 3743 ‘1³130NT1N0T.
3959 3672 4221 3741 ANQT.

2766 3777 2982 3855 Caput
3052 3777 3379 3840 Herculis.
3455 3775 3506 3837 Y.
3562 3774 3754 3844 CIII.
3812 3774 4226 3844 MTPTo't.

2758 3873 3245 3942 PHPGINOC.
3305 3875 3589 3946 CMTP.
3654 3884 3944 3946 Flavius·
4005 3887 4226 3947 det—asu

2755 3978 2945 4055 bens,
2997 3992 3225 4065 estque
3270 3979 3498 4046 obvius
3542 3984 3880 4066 Smyrnae.
3953 3989 4052 4048 At
4097 4003 4230 4047 nux

2757 4098 2882 4162 ope
2956 4080 3110 4162 ejus·
3171 4082 3546 4165 impostoris
3618 4088 3827 4151 evasit
3901 4089 4096 4152 talis:
4165 4082 4231 4146 A

2757 4177 3367 4250 OTITEAAIOC.
3435 4181 3689 4251 ΚΑΙΣ.
3751 4185 3815 4250 Γ
3815 4189 3970 4253 ΕΡ.
4055 4192 4238 4267 capas

2762 4285 3057 4360 Vitellii,
3113 4289 3214 4349 sic
3263 4300 3518 4364 tamen,
3579 4302 3658 4351 ut
3713 4292 3946 4353 adhuc
3979 4291 4240 4354 veri-m*

2757 4404 2867 4445 ma
2922 4386 3237 4449 Herculis
3286 4388 3696 4452 lineamenta
3746 4407 4160 4473 appareant.
4208 4385 4241 4444 ἶ

2755 4481 3128 4547 ΙΛῙΕΩΝ.
3164 4482 3613 4556 ΣΚΑΜΑΝ.
3677 4493 3972 4556 Flavius
4006 4497 4245 4557 decun-

2751 4587 2929 4653 bens.
2975 4588 3257 4651 Num'um
3296 4591 3795 4672 Sardianorum,
3839 4617 4059 4681 quem
4096 4594 4244 4657 iden

2754 4688 3071 4752 Sestinius
3113 4711 3198 4755 ex
3237 4692 3475 4757 eodem
3508 4718 3739 4761 museo
3784 4697 4004 4760 edidit
4029 4744 4054 4776 ‚
4101 4699 4178 4778 (l-
4206 4714 4248 4754 c-

2752 4811 2814 4873 p.
2840 4789 3011 4878 123.)
3045 4792 3483 4878 Cousineryus
3519 4798 3681 4863 item
3712 4801 3892 4866 nu'nc
3927 4799 4252 4885 possid&
