4388 5576
1126 611 1221 660 -n
2042 593 2574 671 NOTITIA
2637 588 3326 670 Lt'rRRARm

1154 770 1345 853 1768
1389 788 1626 866 usque
1663 764 1758 839 ad
1798 766 1945 838 An.
1974 778 2155 845 1771
2205 765 2578 864 poeticam
2613 783 2694 839 et
2728 764 3165 840 rhetoricam
3207 761 3652 845 tradendam
3688 766 3994 867 suscepit,
4054 793 4114 842 eo

1157 901 1450 1003 quidem
1493 898 1877 1000 profectu,
1931 916 2012 971 ut
2048 898 2240 972 inter
2291 899 2689 998 discipulos
2723 901 3154 974 exsisterent
3188 899 3657 1000 complures,
3696 903 3810 999 qui
3841 918 4046 1001 postea
4068 900 4118 975 in

1149 1034 1530 1108 Eteratura
1573 1010 1996 1133 germanica
2034 1050 2493 1132 praestantes
2538 1035 2932 1133 scriptores
2975 1035 3385 1119 inclaruere
3406 1063 3431 1130 3
3484 1061 3527 1108 e
3570 999 3861 1134 quorum
3898 1059 4118 1108 numero

1151 1171 1542 1242 Ioannes
1584 1166 2335 1267 Bapt.Alxinger,
2389 1177 2609 1268 poe‘ta
2646 1168 3007 1267 egregius,
3057 1168 3221 1259 fuit,
3278 1169 3432 1269 qui,
3484 1187 3568 1243 ut
3609 1170 3923 1269 magistro
3948 1166 4119 1266 impri-

1154 1301 1290 1379 mis
1323 1327 1561 1390 carus,
1608 1301 1720 1374 ita
1744 1301 2153 1400 gratissimo
2193 1301 2437 1374 animo
2465 1328 2755 1402 semper
2790 1303 2867 1375 ei
2897 1302 3277 1377 devinctus
3314 1320 3492 1392 erat,
3545 1305 3812 1403 quippe
3844 1302 3950 1400 qui
3982 1303 4122 1398 iuge·
4245 1348 4246 1351 =

1151 1462 1302 1511 nuc
1333 1436 1728 1525 fateretur,
1782 1435 2144 1535 quidquid
2185 1438 2440 1533 virium
2485 1437 2562 1511 in
2595 1463 2677 1512 se
2723 1453 2962 1525 esset,
3010 1436 3341 1537 quidque
3380 1437 3460 1512 in
3499 1437 3728 1510 literis
3766 1414 4125 1535 profecisset,

1148 1570 1231 1645 id
1290 1570 1592 1643 omnino
1642 1571 1908 1645 deberi
1959 1572 2304 1670 magistro
2370 1598 2518 1646 suo-
2571 1571 2995 1645 doctissimo
3057 1571 3448 1672 eidemque
3501 1570 3998 1646 humanissimo.
4050 1567 4123 1637 Eo

1156 1692 1507 1803 temporis
1559 1704 1798 1803 spatio
1836 1704 2128 1777 Echbel·
2169 1705 2544 1805 complura
2602 1732 2829 1804 opera
2881 1706 2967 1776 in·
3019 1704 3259 1783 lucem
3325 1703 3599 1794 edidit,
3655 1705 3902 1803 quibus
3934 1723 4126 1773 nomen
4241 1722 4247 1851 ἱ

1152 1838 1468 1913 suumin
1507 1820 1887 1938 republica
1933 1820 2252 1912 literaria
2297 1840 2523 1938 mag-is
2560 1838 2937 1938 magisque
2963 1832 3515 1912 inclarescebat.
3547 1839 3835 1939 Quippe
3859 1824 4126 1914 ΑΒΑΊΌΒ

1151 1971 1588 2073 perelegans
1653 1999 1947 2047 carmen
1998 1972 2071 2068 ἃ)
2127 1973 2207 2044 in
2263 1974 2536 2047 abitum
2587 1973 2862 2045 Mariae
2903 1971 3337 2062 Carolinae,
3401 1935 3914 2046 serenissimae
3948 1963 4129 2042 Archi·

1152 2106 1361 2181 ducis
1396 2106 1774 2193 Austriae‚
1824 2106 2078 2204 lingua
2122 2105 2513 2180 vernacula
2566 2106 2950 2194 condidit,
2993 2123 3072 2177 et
3129 2105 3419 2178 duobus
3477 2106 3691 2178 annis
3746 2120 3902 2205 post
3943 2097 4132 2173 oratio·

1150 2266 1320 2313 nem
1371 2240 1840 2346 eloquentiae
1885 2239 2185 2338 plenam·
2225 2239 2317 2312 de
2367 2240 2753 2312 itineribus
2805 2266 2848 2333 a
2888 2238 3215 2339 Josepho
3253 2241 3339 2323 11.
3389 2265 3524 2338 per
3565 2239 3842 2312 Italiam
3880 2230 4137 2308 institutis

1150 2374 1230 2445 in
1289 2373 1529 2447 lucem
1586 2366 1889 2472 protulit
1943 2371 2053 2471 b).
2139 2374 2419 2458 Eodem
2480 2390 2812 2471 tempore
2880 2390 2955 2445 et
3010 2373 3608 2447 commentarium
3664 2368 4137 2447 Grammaticum

1094 2578 1097 2579 γ
1137 2493 1223 2580 'fn
1266 2507 1693 2606 prophetias
1722 2507 1959 2605 Hagei
1995 2508 2426 2607 publicavit..
2493 2508 2698 2607 Quae
2741 2524 2986 2578 tamen
3028 2506 3277 2578 studia
3312 2506 3532 2605 longe
3576 2507 3817 2599 aliena
3870 2518 4041 2576 erant
4078 2494 4134 2568 ab

1146 2641 1279 2731 iis,
1353 2641 1623 2739 quibus
1681 2659 1979 2740 postero
2052 2659 2387 2740 ternpore
2463 2639 2779 2712 nominis
2856 2638 3467 2713 immortalitatem
3523 2654 4002 2739 consequutus
4052 2646 4137 2713 est,

1152 2774 1412 2848 studiis
1458 2774 1744 2848 scilicet
1779 2773 1885 2846 rei
1925 2777 2344 2862 numatiae‚
2398 2776 2607 2873 cujus
2649 2792 2744 2850 ‚et
2792 2800 2967 2847 vera·
3017 2773 3377 2872 principia
3437 2774 3720 2874 primus
3778 2767 4063 2874 aperuit,
4095 2776 4141 2835 et

1155 2907 1507 2980 terminos
1558 2905 1785 3003 longe
1837 2909 2219 3004 promovit.
2291 2911 2405 2980 Ea
2446 2907 2684 2979 studia
2726 2906 3010 2980 Eckhel
3057 2926 3234 2981 tnnc
3288 2910 3642 3007 temporis
3687 2907 4035 3009 amplexus
4070 2911 4139 2969 est

1156 3057 1361 3116 tanto
1381 3065 1661 3127 amore,
1712 3056 1794 3111 nt
1837 3040 2197 3139 quidquid
2239 3042 2369 3113 etii
2404 3068 2445 3114 a
2482 3040 3291 3139 negotiissebolasticis
3321 3061 3792 3141 superesset,
3835 3040 3935 3113 rei
3966 3056 4141 3109 numa·

1154 3175 1307 3249 riae
1346 3174 1751 3249 adhiberet.
1780 3165 2061 3273 ’ltaque
2100 3175 2303 3248 brevi
2333 3193 2614 3248 tantum
2645 3174 3002 3274 profetzit,
3051 3192 3135 3247 ut
3167 3177 3320 3249 An,
3347 3194 3557 3263 1720,
3610 3175 3900 3249 solenni
3937 3166 4142 3271 profes·

1150 3309 1361 3383 sione
1398 3336 1531 3381 sua
1574 3309 1831 3381 Ordini
1867 3291 2297 3382 Iesuitarum
2332 3307 2703 3396 addictus,
2778 3291 2955 3408 prae
3002 3308 3266 3381 ceteris
3322 3308 3616 3383 babitus
3675 3309 3897 3382 fuerit
3932 3307 4139 3401 dignus,

1152 3445 1281 3543 qui
1315 3444 1601 3517 celebri
1626 3411 1941 3533 libonio,
1985 3444 2330 3541 magistro
2373 3469 2532 3532 suo,
2587 3443 2780 3515 eirca
2829 3444 2971 3513 hoc
3008 3458 3296 3542 tempus
3341 3443 3728 3537 defuneto,
3787 3445 4025 3517 Custos
4058 3458 4143 3504 nu·

1148 3604 1427 3652 morum
1464 3578 1541 3649 in
1580 3579 1932 3651 societate
1980 3578 2414 3652 exstantium
2452 3578 2912 3652 succederet.

1339 3715 1452 3800 Is,
1506 3737 1687 3814 cum·
1716 3729 1912 3785 totus
1945 3683 2533 3811 Archaeologiae
2573 3711 2833 3784 studiis
2876 3710 3202 3801 deditus,
3254 3738 3339 3786 ac
3379 3710 3457 3783 in
3510 3714 3723 3786 omni
3771 3729 4022 3811 genere
4055 3697 4144 3773 dis·
4225 3679 4240 3744 '-

1145 3845 1618 3944 eiplinarum,
1671 3872 1861 3942 quae
1899 3846 1993 3918 ad
2032 3846 2217 3919 baec
2262 3848 2501 3920 studia
2545 3872 2676 3918 sua
2722 3846 2967 3918 facere
3021 3846 3482 3933 viderentur,
3533 3847 3870 3945 apprime
3906 3849 4144 3914 versatus

1146 3995 1384 4066 esset,
1434 3965 1853 4051 incredibili
1894 3979 2293 4077 cupiditate
2333 3980 2864 4053 incendebatur
2901 3979 3149 4052 Italiae
3186 3979 3531 4053 visendae
3567 3999 3881 4080 propter
3911 3984 4146 4050 summ⁰⁵

1126 4099 1603 4212 antiquitatis
1638 4113 2029 4187 thesauros
2066 4114 2177 4187 ibi
2215 4085 2657 4189 reconditos.
2730 4117 3042 4187 D‘emum
3077 4114 3221 4186 An.
3254 4130 3482 4202 1771),
3522 4133 3928 4214 postquam
3966 4106 4028 4180 ἰᾶ
4067 4098 4149 4173 ob·

1140 4248 1519 4338 tinuisset,
1566 4266 1647 4322 ut
1683 4251 1987 4340 Romam
2019 4248 2449 4337 mitteretur,
2501 4249 2880 4347 profectus
2918 4266 3032 4322 est
3083 4274 3335 4321 mense
3359 4251 3744 4346 Augusto,
3790 4265 3868 4321 et
3914 4245 3985 4316 in
4022 4235 4146 4312 elas·

1126 4372 1293 4458 'sica
1345 4401 1537 4456 terra
1570 4384 1820 4457 Italiae
1862 4411 2015 4456 non
2066 4400 2348 4474 tantum
2389 4384 2801 4457 eruditione
2843 4409 2974 4457 suc.
3014 4382 3252 4481 ampla
3292 4399 3367 4455 et
3416 4383 3647 4455 solida
3704 4381 4056 4456 maximam
4079 4361 4151 4438 3ῠῖ

1121 4505 1746 4591 'existimationem
1782 4519 2152 4612 excitavit,
2178 4519 2309 4592 sed
2346 4536 2420 4592 et
2458 4519 2783 4618 ingenuo
2812 4516 3279 4615 candidoque
3323 4516 3567 4618 animo
3591 4517 3825 4592 facile
3869 4514 3999 4588 sibi
4036 4525 4154 4579 0⁰1¹·

1136 4661 4156 4710 -————————-——-—-,-——-....-

1211 4779 1272 4852 a)
1316 4776 1576 4835 Gedicht
1615 4779 1724 4835 auf
1755 4780 1851 4838 die
1888 4781 2137 4839 Abreise
2180 4782 2223 4840 1.
2257 4782 2327 4837 K.
2357 4780 2432 4839 H.
2465 4782 2690 4839 Marien
2725 4781 3107 4850 Charlotten,
3155 4757 3597 4856 Eriherzoginn
3642 4797 3778 4838 von
3828 4759 4150 4837 cester-reich

1314 4873 1687 4941 wem-¹768
1717 4876 1774 4931 in
1805 4875 1923 4939 δ’ὁ·
1966 4877 1975 4905 ³

1208 4972 1275 5048 b)
1311 4969 1479 5030 Reda
1509 4971 1618 5029 aus
1639 4969 1736 5028 die
1766 4971 1938 5030 Reise
1962 4973 2215 5051 sosephs
2245 4971 2318 5034 11.
2349 4974 2411 5034 in
2440 4974 2667 5033 Italien.
2718 4974 2895 5033 Wien
2928 4986 3098 5044 1770,
3137 4972 3202 5030 in
3226 4980 3345 5038 avt.
