4388 5576
1017 491 1174 574 DE
1241 493 1814 570 PRINCIPE
1886 488 2658 573 IVVENTVTIS.

308 705 575 778 parmae
593 685 976 769 inscriptum
994 681 1271 767 legitur:
1301 675 1808 772 EQVESTER.

310 789 594 857 ORDO.
654 784 1057 852 PRINCIPI.
1120 783 1518 857 IVVENT.,
1593 801 1809 872 ,quam

312 892 592 970 eandem
627 888 1031 976 epigraphen
1064 885 1309 996 repetit
1329 903 1618 947 marmor
1640 881 1810 947 Gru·

314 994 445 1060 teri
476 994 569 1076 ⁸),
614 985 701 1054 'et
746 991 918 1054 intra
952 1001 1201 1052 sertum
1251 1000 1579 1051 exaratam
1630 986 1816 1049 exhi·

318 1099 435 1162 bet
489 1115 725 1157 numus
782 1091 1154 1157 Commodo
1213 1092 1480 1157 Caesari
1538 1087 1821 1153 dicatus.

322 1203 533 1285 Supra
593 1197 718 1262 sub
763 1198 857 1263 Μ.
916 1196 1198 1260 Aurelio
1257 1193 1580 1270 vidimus,
1634 1193 1812 1255 hunc

321 1304 666 1370 Caesarem
694 1300 935 1364 dictum
961 1300 1166 1362 fuisse
1192 1318 1500 1378 vreoxenov
1529 1288 1813 1370 ἶππαδος,

312 1410 667 1487 principe-m
688 1409 1033 1488 equitatus,
1080 1400 1205 1465 etsi
1224 1398 1376 1463 satis
1410 1412 1663 1464 certum
1683 1415 1819 1460 non*

320 1505 441 1583 sit,
485 1505 668 1569 idem
696 1504 899 1568 fuisse
944 1503 1310 1588 principem
1338 1501 1688 1587 equitatus,
1738 1518 1816 1563 ac

318 1585 688 1694 principem
726 1604 1114 1689 juventutis,
1173 1619 1247 1668 ut
1292 1605 1385 1667 ibi
1444 1603 1818 1669 observavi-

323 1730 493 1772 mus.
554 1709 885 1793 -Denique
946 1709 1210 1771 Tacitus
1290 1709 1485 1772 inter‘
1523 1709 1812 1771 bonores

318 1811 677 1876 memoriae
747 1811 1123 1877 Germanici
1192 1811 1533 1888 decretos,
1615 1821 1810 1894 quem

215 1981 231 1990 ,
320 1905 689 2000 principem
750 1905 1104 1998 juventutis
1149 1935 1411 1997 quoque
1473 1913 1677 1976 fuisse
1722 1914 1814 1977 al-

321 2014 448 2078 tius
479 2017 931 2099 probavimus,
977 2017 1191 2080 refert
1221 2017 1416 2080 etiam
1447 2013 1552 2099 ι’);
1612 2022 1820 2101 ,Eque-

262 2171 267 2178 .
321 2130 454 2182 ster
474 2125 629 2183 ordo
645 2139 910 2182 cuneum
930 2124 1303 2184 Germanici
1321 2123 1689 2200 appellavit,
1706 2120 1822 2204 qm·

311 2223 654 2298 fundorum
673 2225 1041 2300 dicebatur,
1091 2226 1527 2306 instituitque,
1571 2226 1672 2284 mi
1689 2232 1821 2283 tur·

326 2341 471 2384 mae
498 2324 713 2386 idibus
741 2328 935 2388 Iuliis
962 2329 1305 2408 imaqinem
1325 2330 1466 2404 ejus
1493 2344 1822 2410 sequeren-

248 2499 257 2506 ὓ
312 2434 455 2485 την.
541 2424 759 2508 Atque
820 2425 987 2488 haec
1045 2445 1236 2489 causa
1294 2425 1463 2504 fuit,
1513 2446 1632 2489 cur
1685 2441 1821 2487 non

325 2521 656 2589 dubitaret
690 2527 999 2591 adserere
1036 2529 1371 2608 Norisius,
1427 2549 1551 2613 pro
1584 2526 1845 2591 eodem-

324 2627 574 2710 accipi,
635 2647 783 2692 esse
845 2630 1211 2715 principem
1282 2633 1670 2715 juventutis,
1745 2648 1822 2693 ac

321 2728 687 2813 principem
742 2733 1033 2817 equitum
1076 2735 1160 2818 0).
1246 2737 1464 2800 Etiam
1528 2733 1822 2819 Spanhe·

325 2829 494 2903 mins
547 2834 877 2898 existimat
908 2835 1011 2920 d)‚
1070 2839 1404 2924 principes
1459 2836 1821 2923 juventutis

325 2932 506 2997 velut
550 2939 879 3019 equestris
936 2940 1186 3004 ordinis
1248 2941 1556 3007 ductores
1614 2942 1819 3004 fuisse

324 3032 618 3113 habitos,
683 3049 752 3099 et
794 3039 922 3104 hoc
968 3062 1199 3106 munus
1245 3045 1529 3109 obivisse
1593 3063 1717 3106 seu
1755 3042 1824 3101 in

327 3137 505 3198 ludis
551 3138 1008 3215 Circensibus,
1051 3159 1181 3207 sen·
1211 3144 1279 3205 in
1322 3142 1824 3209 decursionibus

270 3238 275 3245 ’
331 3236 798 3331 equestribus,
833 3262 950 3305 seu
986 3247 1050 3305 in
1087 3244 1341 3305 celebri
1373 3242 1614 3323 Trojae
1643 3241 1825 3317 ludo,

333 3341 446 3423 qui
517 3335 875 3433 praeeunte
936 3343 1309 3427 exemplum
1371 3342 1689 3418 Ascanio,
1752 3354 1826 3404 ut

334 3452 564 3504 auctor
625 3448 726 3504 est
783 3443 1169 3525 Virgilius,
1201 3467 1238 3508 a
1278 3443 1504 3529 pueris
1565 3444 1824 3527 majori·
1862 3438 1877 3443 ⁷

336 3540 502 3618 bus,
563 3556 631 3606 et
690 3542 1050 3607 minoribus
1109 3546 1283 3610 inter
1326 3549 1673 3613 Circenses
1718 3547 1826 3632 agi

336 3643 699 3709 consuevit.
827 3646 1216 3715 Vaillantius
1303 3669 1606 3734 quoque,
1712 3649 1827 3712 nbi

296 3743 663 3808 'laudatum
711 3768 908 3832 supra
943 3748 1152 3814 Getae
1197 3773 1465 3815 numum
1525 3772 1672 3815 cum
1733 3765 1829 3835 ty·

335 3866 424 3933 po
468 3847 666 3910 trium
716 3851 1011 3937 equitum
1068 3853 1558 3918 decurrentium
1620 3855 1830 3939 expli·

337 3963 439 4013 cat
471 3952 567 4031 θ),
629 3952 906 4032 adserit,
967 3976 1116 4020 eum
1175 3946 1459 4037 numum*
1501 3958 1826 4043 signatum

332 4053 829 4120 inmemoriam
878 4059 1118 4140 Troiae
1159 4062 1339 4138 ludi,
1399 4061 1465 4123 in
1523 4083 1654 4146 quo
1700 4062 1833 4127 Ge·

3271 514 3411 578 372

1921 667 2371 764 praesidebat,
2437 676 2746 762 princeps
2798 674 3158 759 juventutis
3199 680 3426 764 appel-

1924 782 2202 846 labatur.
2287 784 2376 845 At
2425 800 2591 848 vero
2633 778 2926 843 nondum
2977 782 3131 844 satis
3171 781 3426 866 perspi-

1924 903 2081 948 cere
2126 884 2352 966 p'otui,
2425 882 2631 948 fuisse
2688 882 3007 966 principis
3047 884 3432 967 juventutis,

1925 984 1993 1048 in
2026 986 2154 1050 hoc
2176 986 2420 1070 'l'rojae
2438 983 2598 1049 ludo
2627 1004 2864 1067 agmen
2886 985 3152 1051 ducere.
3201 988 3430 1049 Enim-

1928 1107 2090 1155 vero
2152 1091 2528 1154 testimonia
2585 1101 2926 1167 veterum,
3001 1098 3299 1174 quorum'
3337 1091 3425 1155 de

1926 1193 2055 1255 hoc
2099 1193 2423 1256 exercitio
2480 1191 2826 1256 maximam
2887 1206 3143 1274 partem
3189 1213 3430 1258 conve-

1930 1294 2028 1356 xit
2078 1293 2432 1359 Panvinius
2479 1295 2601 1378 8),·
2649 1295 2859 1372 istud,
2935 1294 3116 1380 quod
3200 1300 3430 1361 volunt

1932 1396 2061 1462 viri
2099 1394 2167 1458 hi
2209 1394 2484 1471 eruditi,
2543 1395 2790 1461 diserte
2830 1416 2961 1459 non
2997 1397 3269 1479 docent,
3312 1421 3434 1465 ne-

1922 1518 2061 1585 que
2107 1499 2303 1569 etiam
2340 1498 2558 1575 numi,
2602 1520 2766 1583 quos
2813 1499 2892 1562 ad
2950 1519 3203 1564 causam
3244 1522 3424 1565 suam

1930 1602 2269 1668 advocant.
2354 1604 2735 1703 Nam-cum
2797 1602 2866 1663 in
2935 1600 3041 1664 'his
3117 1604 3428 1690 princeps

1926 1705 2285 1790 juventutis
2317 1723 2489 1787 equo
2523 1705 2885 1788 praecipite
2931 1720 3159 1769 vectus
3190 1714 3440 1791 propo-

1927 1809 2139 1885 nitur,
2184 1807 2294 1870 hic
2338 1821 2525 1892 typus
2577 1808 2802 1873 ludum
2863 1809 3104 1890 Trojae
3141 1829 3272 1872 non
3319 1808 3434 1872 de·
3471 1855 3474 1860 -

1930 1923 2284 1989 monstrat,
2330 1914 2480 1995 quia
2527 1911 2963 1996 quodcunque
3008 1912 3182 1975 aliud
3230 1930 3433 1998 eque-

1930 2028 2067 2078 stre
2112 2014 2457 2091 studium,
2492 2015 2676 2100 cujus
2717 2016 2774 2079 is
2823 2015 3156 2101 particeps
3207 2014 3442 2091 fuerit,

1932 2131 2154 2203 potest
2181 2116 2496 2206 indicare.
2587 2120 2759 2181 Sane
2806 2119 2875 2180 in
2914 2113 3448 2200 justiscfun‘ebrim

1933 2222 2054 2284 bus
2087 2220 2422 2284 Drusillae
2439 2225 2849 2301 praetoriani
2872 2224 3111 2284 milites
3138 2241 3282 2281 cum
3315 2239 3431 2281 suo
3473 2285 3476 2292 Α

1925 2329 2258 2408 praefecto
2279 2370 2296 2402 ‚
2343 2346 2424 2387 ac
2468 2327 2734 2387 seorsim
2764 2328 3008 2412 equites
3057 2327 3448 2398 militantes,-

1933 2430 2204 2490 seorae'm
2235 2430 2508 2507 patricii
2529 2429 2724 2506 puers·
2773 2430 3008 2503 Trojae
3061 2427 3436 2486 decursione

1935 2532 2177 2590 circum
2225 2515 2534 2592 tumulum
2597 2531 2739 2604 ejus
2801 2528 3282 2608 obequitat-unt,
3360 2535 3435 2585 ut

1907 2643 2156 2694 ‚narrat
2193 2629 2324 2693 Dio
2354 2623 2442 2710 h).
2529 2627 2892 2689 Enimvero
2926 2622 3153 2694 ludum
3185 2624 3432 2706 Troiae
3475 2665 3478 2668 ι

1935 2733 2007 2794 in
2028 2732 2241 2796 numis
2263 2729 2402 2815 Caji
2427 2728 2760 2813 Agrippae
2777 2727 2877 2803 F„
2923 2726 2987 2787 in
3019 2746 3149 2812 quo
3183 2726 3239 2788 is
3259 2746 3434 2813 equo

1933 2848 2245 2898 currente
2290 2848 2519 2899 vectus
2562 2832 2972 2918 proponitur,
3009 2831 3205 2894 facile
3238 2851 3439 2913 agno·

1939 2957 2053 3003 sco
2074 2983 2091 3016 ‚
2164 2937 2318 3022 quia
2375 2936 2621 3001 factum
2666 2934 2842 2999 istud
2896 2934 3129 2997 Dionis
3173 2955 3437 3019 quoque

1936 3040 2318 3103 testimonio
2357 3039 2649 3121 juvatur,
2710 3058 2942 3104 verum
2997 3036 3054 3099 is
3089 3035 3243 3101 huic
3275 3038 3437 3101 ludo

1936 3164 2070 3206 non
2099 3142 2397 3206 interfuit
2428 3156 2501 3204 ut
2534 3143 2843 3225 princeps
2877 3140 3251 3221 juventutis,
3288 3114 3447 3223 qui?

1938 3247 2068 3306 hoc
2103 3242 2360 3303 honore
2393 3256 2526 3301 tum
2548 3287 2566 3318 ,
2611 3260 2757 3303 cum
2808 3239 2916 3302 hic
2953 3260 3186 3303 numus
3221 3241 3437 3323 signa·

1941 3356 2048 3406 tus
2082 3356 2216 3418 est,
2285 3339 2630 3405 decoratus
2683 3340 2974 3403 nondum
3021 3340 3176 3417 fuit,
3232 3355 3306 3404 ut
3344 3339 3441 3403 di·
3537 3325 3544 3328 ⁷

1940 3446 2007 3507 xi
2042 3448 2111 3507 in
2145 3443 2338 3525 hujus
2391 3446 2575 3507 numi
2624 3443 2975 3525 explicatu.
3062 3443 3247 3525 Ergo
3290 3443 3445 3505 hac·

1938 3561 2129 3610 tenus
2193 3557 2450 3610 certum
2510 3546 2825 3630 principis
2884 3545 3239 3628 juventutis
3284 3565 3475 3614 cum,

1941 3650 2185 3732 Troiae
2224 3636 2383 3714 ludo
2424 3668 2668 3713 nexum
2715 3660 3126 3733 compertum
3161 3668 3296 3716 non
3327 3648 3440 3712 ha·

1939 3750 2198 3817 bemus.
3240 3744 3244 3747 ’

2068 3854 2158 3917 Hi
2198 3871 2362 3936 ergo
2402 3866 2703 3917 auctores
2731 3851 3047 3938 principis
3077 3855 3436 3937 juventutis
3503 3880 3528 3941 j

1943 3955 2324 4041 dignitatem
2371 3976 2516 4020 cum
2561 3975 2638 4019 re
2682 3957 2972 4041 equestri
3035 3972 3435 4043 connectere

1942 4082 2076 4124 non
2118 4059 2514 4126 dubitarunt.
2605 4061 2690 4121 At
2733 4058 3106 4123 Harduinus
3151 4081 3298 4124 cum
3342 4060 3437 4125 vi-

282 4206 285 4209 ,
335 4166 397 4214 ta
452 4170 526 4218 ut
581 4156 892 4246 princeps
946 4162 1303 4246 juventutis
1361 4166 1686 4249 praefuit,
1762 4177 1832 4229 et
1943 4163 2193 4240 deret,
2250 4161 2613 4248 principem
2675 4161 3026 4244 juventutis
3090 4162 3159 4224 in
3219 4161 3435 4224 numis

339 4252 518 4379 idem
562 4260 719 4323 alibi
760 4261 859 4348 4ί),
939 4266 1181 4349 Troiae
1240 4268 1449 4350 ludis,
1519 4269 1637 4348 ait,
1717 4267 1831 4352 qui
1943 4268 2335 4353 plerumque
2393 4264 2679 4350 proponi
2733 4279 3041 4367 stantem,
3104 4277 3173 4328 et
3229 4284 3436 4328 arma·

322 4444 3417 4485 ---———-—-—-—-----—-—-------—————-—-

403 4573 463 4645 n)
501 4574 642 4653 Pag.
676 4579 804 4642 236.
844 4592 933 4639 ιι.
1079 4578 1148 4655 b)
1188 4583 1342 4641 Anu.
1376 4583 1447 4643 11.
1478 4604 1527 4643 c.
1559 4595 1653 4649 83.
1700 4646 1705 4653 ,
1799 4588 1861 4658 c)
1902 4584 2104 4644 Cenot.
2135 4558 2260 4646 Pis.
2286 4583 2552 4647 Diss.,11.
2587 4603 2638 4642 c.
2673 4596 2727 4648 3.

332 4662 460 4726 363.
609 4667 669 4738 e)
711 4667 885 4726 Num.
925 4670 1113 4749 impp.
1151 4684 1369 4746 praest.
1531 4674 1584 4751 l)
1624 4673 1797 4737 Num.
1836 4675 1912 4735 de
1952 4676 2187 4753 Camps.
2227 4696 2292 4755 p.
2327 4689 2417 4749 99·

337 4770 463 4830 cap.
500 4765 559 4828 9.
608 4831 613 4836 ·
707 4758 780 4833 h)
817 4758 882 4818 L.
923 4758 1073 4819 LIX.
1111 4763 1164 4832 ς.
1202 4773 1291 4820 11.

536 4846 713 4948 (rot.
754 4842 993 4955 ι’]ιι.)’

2873 4580 2942 4651 d)
2976 4582 3142 4640 Tom.
3172 4580 3246 4640 Π.
3291 4601 3428 4661 pag.

2494 4707 2501 4713 ·
2575 4676 2643 4751 g)
2685 4673 2760 4733 de
2797 4672 3004 4732 LudIs.
3052 4672 3214 4732 Circ.
3249 4671 3316 4732 L.
3355 4672 3428 4731 Π.

2812 4838 3062 4936 Bhb'
