4388 5576
1222 373 2144 486 coNsTANTIst
2226 388 2350 488 Μ.
3228 444 3321 522 -ι9

235 613 347 657 uon
377 590 388 597 ’
417 589 716 676 potuere.
829 587 1209 659 Verisimile
1271 610 1469 674 ergo,
1546 592 1713 655 haec

232 695 460 760 veteris
521 695 739 759 'cultus
799 689 1169 756 testimonia
1240 704 1380 755 tum
1442 693 1713 755 exulare

232 818 302 859 ex
343 811 607 863 moneta
661 794 876 879 jussa,
945 814 1094 858 cum
1156 792 1329 859 victo
1391 813 1713 878 caesoque

234 918 389 962 anno
431 900 504 960 P.
549 902 636 964 X.
675 896 804 962 323
839 896 1098 962 Licinio
1133 918 1357 962 rerum
1391 918 1557 959 unus
1599 916 1715 978 po·

234 1000 371 1063 titus
447 998 799 1063 audentior
868 998 948 1061 ad
1010 1001 1184 1062 istud
1259 998 1713 1084 imperandum

232 1104 355 1165 fuit.
440 1105 705 1166 Revera
759 1102 827 1160 in
888 1103 1100 1164 numis
1163 1100 1283 1162 filii
1330 1100 1714 1175 Constantii,

236 1205 334 1286 qui
367 1203 606 1268 eodem
654 1204 783 1266 hoc
831 1224 1002 1267 anno
1050 1206 1288 1267 Caesar
1349 1202 1713 1288 appellatus

236 1320 358 1384 est,
428 1303 633 1369 falsae
673 1301 1045 1392 ‘religionis
1095 1305 1331 1367 iudicia
1397 1325 1529 1367 nou
1586 1324 1717 1368 am·

236 1408 386 1492 plius
419 1409 875 1473 observantur.
942 1410 1091 1478 Non
1123 1408 1325 1491 igitur
1362 1409 1515 1471 satis
1550 1405 1716 1490 liaeo

238 1528 558 1572 numorum
626 1527 926 1596 tempora
998 1509 1292 1571 distinxit
1343 1508 1715 1594 Bimardus,

240 1633 368 1674 cum
403 1613 738 1691 adseruit,
787 1634 870 1675 ex
919 1612 1074 1696 ipsis
1123 1615 1223 1674 his
1258 1613 1469 1675 numis
1503 1612 1715 1696 palam

241 1712 399 1791 fieri,
487 1715 986 1781 Constantinum
1063 1715 1380 1796 deinceps
1454 1732 1715 1798 quoque

245 1819 635 1881 continuasse
678 1831 1005 1881 monetam
1051 1838 1201 1880 cum
1231 1817 1493 1879 indiciis
1541 1829 1721 1878 vete-

243 1919 318 1980 ris
349 1920 831 2003 superstitionis
865 1918 1067 1981 ferire
1103 1924 1185 2001 ¹¹).
1271 1920 1487 2004 Atque
1528 1918 1721 1981 etiam

244 2015 338 2084 vel*
395 2041 476 2085 ex
535 2021 662 2084 hac
717 2040 908 2083 causa
967 2034 1342 2105 suspectum
1423 2021 1718 2085 videatur
1850 2099 1854 2108 Ι

246 2123 462 2184 Zosimi
523 2123 1015 2201 testimonium,
1105 2123 1216 2208 qui
1285 2123 1497 2186 adhuc
1571 2133 1740 2206 post.

245 2238 463 2286 motum
524 2226 685 2289 loco
744 2225 1072 2286 Licinium
1127 2227 1352 2310 patriis
1413 2224 1610 2290 sacris
1657 2235 1724 2286 et

248 2328 488 2390 hsu'olis
547 2324 781 2401 usum}
844 2340 912 2390 et
975 2328 1393 2392 lustrationes
1448 2339 1724 2409 propter

247 2450 478 2492 caesum
540 2428 788 2512 injuste
850 2429 1153 2512 Crispum
1209 2431 1641 2510 Faustamque
1689 2427 1726 2486 a

247 2531 595 2592 flaminibus
657 2530 965 2612 petiisse,
1032 2543 1167 2593 tum
1230 2531 1298 2593 iu
1343 2530 1601 2594 condita
1641 2517 1726 2588 *ab

251 2652 311 2693 se
337 2619 902 2714 Constantinopoli
935 2635 1234 2696 statuisse
1254 2633 1482 2697 aedem
1507 2634 1728 2695 Casto·

250 2753 408 2808 rum,
466 2733 821 2797 simulacra
865 2735 1191 2817 Apollinis
1227 2748 1307 2799 ‘et
1338 2736 1568 2798 Rheae
1622 2730 1730 2795 ad·

251 2838 419 2913 serit,
463 2836 594 2898 et'si
627 2834 859 2919 negari
887 2857 1015 2898 non
1038 2840 1242 2921 possit
1268 2839 1540 2913 testibus
1572 2834 1731 2918 ipsis

252 2938 665 3022 scriptoribus
727 2939 976 3012 sacris,
1042 2939 1352 3001 nonnulla
1417 2938 1731 3020 deinceps

253 3058 487 3124 quoque
544 3064 584 3104 a
634 3041 1058 3104 Constantino
1114 3042 1317 3103 fuisse
1351 3040 1731 3115 constituta,

252 3159 394 3227 quae
438 3164 590 3207 cum
635 3143 1153 3205 Christianorum
1206 3142 1512 3206 institutis
1559 3161 1734 3204 com·

252 3236 387 3326 pot'ti
437 3267 576 3310 non
607 3258 929 3329 possunt,
997 3245 1210 3328 qualia
1271 3243 1460 3328 plura
1504 3263 1732 3303 recen-

257 3359 343 3408 set
370 3347 871 3423 Tillemontius,
919 3359 986 3408 et
1025 3348 1289 3423 nescio,
1349 3358 1565 3407 utrum
1621 3334 1732 3403 hcss

251 3467 415 3511 roem
476 3460 714 3525 suum,
788 3469 984 3532 quem
1041 3446 1426 3512 *immodicis
1487 3446 1731 3527 ubique

253 3550 528 3619 laudibus
571 3553 645 3615 in
703 3553 965 3613 coelum
1002 3548 1234 3627 effert,
1291 3550 1491 3634 plene
1540 3567 1735 3611 excu-

255 3668 342 3716 set
367 3653 452 3735 Ιὓ).

358 3758 466 3820 111.
508 3752 749 3831 Numi,
793 3754 861 3817 in
908 3775 1185 3839 quorum
1220 3753 1548 3819 inferiore
1590 3774 1734 3836 seg·

255 3872 456 3922 mento
490 3859 813 3941 scriptum
849 3857 1140 3935 COqu
1206 3872 1351 3920 aute
1383 3877 1620 3921 anuum
1655 3857 1731 3923 P.

183 3951 220 4039 ’β
257 3958 325 4023 X.
351 3959 468 4024 330
499 3960 740 4044 signati
772 3979 903 4021 nou
946 3973 1128 4037 sunt,
1191 3959 1339 4045 quia
1372 3958 1735 4023 Constanti·

256 4064 534 4144 nopolis‚
582 4061 769 4144 cujus
800 4075 953 4124 uota
970 4052 1091 4124 liae
1111 4061 1339 4126 literae
1371 4074 1556 4134 suut,
1603 4059 1732 4125 hoo

256 4160 496 4228 demum
533 4185 706 4229 auno
737 4162 1036 4228 dedicata
1070 4163 1213 4229 fuit.

968 4265 1007 4302 as

2113 594 2316 659 AVG.
2364 602 2655 680 praefixo
2716 603 2931 692 etiam⁸
2979 551 3183 670 IMPJ
3218 619 3328 677 vet
3453 602 3474 617 ⁹

2110 699 2288 761 lMP.
2329 700 2399 761 C.

1823 797 1902 859 n.
1939 765 1944 772 ”
2105 800 2803 871 coNs'rANrmvs,
2909 812 3118 874 MAx.
3217 817 3325 882 σοι

2111 897 2537 990 ΜΑΧιΜγε.
2560 904 2757 973 AVG.
2789 913 2898 972 εει
2916 910 2995 974 Ρ.
3024 912 3100 977 F.
3119 917 3322 984 Avo.

2110 1013 2230 1066 aut
2256 1010 2553 1068 similiter
2574 1053 2591 1083 ‚
2624 1013 2917 1090 praefixo
2935 1018 3131 1076 etiam
3147 1017 3325 1079 lMP.

2103 1105 2311 1178 vlo..
2347 1110 2453 1168 vel
2508 1110 2732 1174 VlC‘I'.
2808 1118 2913 1175 vel
2968 1116 3339 1186 VICTOR.-

2114 1206 2813 1274 CONSTANTINVS.
2856 1214 3055 1279 AVG.

1828 1105 1879 1167 C

1825 1307 1911 1371 D.
2114 1310 2252 1374 FL.
2338 1312 2534 1378 VAL.
2624 1312 3325 1392 CONSTANTths.

2114 1411 2316 1478 AVG.
2351 1416 2457 1475 vel
2488 1417 2802 1477 similiter.
2966 1463 2971 1468 -

1831 1512 1887 1572 E
2113 1513 2289 1574 lMP.
2328 1511 2527 1574 GAL.
2563 1516 2758 1582 VAL.
2799 1516 3330 1589 CONSTANTI.

2112 1616 2308 1681 NVS.
2336 1617 2408 1675 P.
2445 1616 2518 1676 F.
2557 1616 2756 1684 AVG.
2805 1621 3001 1699 (Mus.
3026 1625 3243 1708 Caes.)

1830 1716 1907 1778 1⁴¹.
2109 1715 2290 1779 IMP.
2356 1716 3052 1788 CONSTANTINVS.
3114 1729 3189 1791 Ρ.
3249 1728 3325 1790 F.

2119 1818 2295 1884 INV.
2335 1817 2532 1885 AVG.
2740 1822 2751 1832 ’

1834 1916 1918 1983 G.
2118 1918 2206 1983 D.
2250 1919 2327 1978 N.
2383 1919 3324 1992 CONSTANTlNVS.·MAx.

2118 2020 2321 2090 AVG.
2353 2025 2425 2083 s’n
2458 2027 2650 2085 aliis:
2696 2024 3337 2106 CONSTANTlNL,
3410 2021 3415 2024 ’

2123 2126 2194 2185 e'n
2234 2127 2392 2185 aliis
2422 2128 2564 2184 sine
2592 2124 2805 2185 MAx.

1836 2225 1924 2289 H.
2125 2226 2290 2286 Sine
2325 2228 2688 2304 epiqraplae.
2738 2232 2942 2308 Caput
2979 2215 3347 2296 Constanti?

2120 2330 2194 2387 m·
2236 2329 2668 2388 diadematum
2684 2371 2703 2403 ,
2758 2333 3026 2393 intextis
3051 2354 3339 2399 nonnun-

2125 2447 2318 2512 quam
2350 2430 2707 2492 diademati
2736 2436 3136 2518 maryart'tis.

1975 2632 2182 2713 Caput
2228 2628 2590 2691 laureatum
2642 2631 2709 2691 in
2747 2633 3080 2718 plerisque
3127 2638 3338 2701 omnis

1845 2731 2097 2794 metalli
2183 2742 2251 2792 et
2325 2729 2620 2810 formae,
2702 2730 2917 2820 'etiam
2982 2738 3337 2821 galeatum,

1843 2835 1952 2898 vel
2000 2846 2306 2917 protome
2374 2855 2520 2897 cum
2572 2837 2768 2901 variis
2821 2841 3182 2920 attributis,
3238 2867 3339 2906 ra·

1843 2935 1981 2997 rius
2025 2934 2345 2999 radiatum
2400 2950 2509 3000 aut
2569 2937 2833 3002 nudum.
2922 2943 3341 3027 Frequenter

1844 3050 2036 3120 caput
2085 3036 2370 3101 cinctum
2441 3037 2804 3104 diademate
2864 3041 3125 3107 intextis
3175 3068 3340 3108 mar·

1848 3139 2094 3222 garitis.
2202 3141 2425 3203 Semel
2501 3157 2695 3225 eaput
2730 3178 2735 3183 ·
2773 3156 3015 3206 tectum
3094 3147 3338 3221 nimbo,

1845 3241 1929 3304 de
1970 3242 2153 3323 cujus
2190 3241 2399 3306 forma
2454 3258 2521 3307 et
2556 3244 3032 3328 significatione
3070 3250 3338 3330 agemus

1846 3347 1911 3406 in
1945 3356 2217 3406 tractatu
2253 3344 2335 3406 de
2385 3345 2595 3408 nuruis
2630 3346 2962 3409 inferioris
2999 3352 3140 3411 aevi
3175 3352 3227 3425 §.
3260 3354 3339 3411 ll.

1844 3445 2016 3513 Vide
2076 3445 2247 3507 infra
2305 3467 2608 3511 numum:
2687 3448 3115 3516 GAVDIVM.
3186 3451 3341 3512 RO-

1846 3545 2325 3613 MANORVM.

1972 3649 2342 3711 Notandum
2394 3645 2726 3726 diadema,
2795 3631 2994 3735 atque·
3019 3650 3191 3714 istud
3228 3655 3338 3716 tel

1847 3771 2120 3834 purum,
2167 3750 2274 3814 vel
2316 3750 2663 3813 unionibus
2711 3767 2819 3815 aut
2871 3754 3148 3836 gemmis
3190 3755 3340 3817 illu-

1847 3869 1982 3916 stre
2010 3897 2026 3929 ‚
2075 3846 2250 3935 quod
2292 3852 2607 3936 deinceps
2651 3840 3120 3940 perfrequens,
3165 3875 3339 3921 nunc

1846 3956 2129 4038 primum
2176 3970 2404 4040 aperte
2436 3957 2862 4041 ,imperatoris
2909 3958 3188 4020 Romani
3237 3980 3341 4022 ca-

1847 4072 1963 4141 put
2004 4057 2237 4131 ntabit,
2280 4058 2407 4139 jam
2450 4060 2604 4123 olim
2654 4060 2718 4120 in
2756 4057 3193 4124 'Constantino
3225 4084 3340 4124 no-

1847 4175 1985 4224 stro
2034 4160 2466 4224 observatum·
2486 4184 2522 4224 a
2554 4160 2823 4228 Victore
2869 4160 3114 4225 altero:
3160 4168 3341 4226 habe·-

1844 4276 1980 4329 tum
2034 4269 2280 4345 reqium
2310 4266 2596 4344 gemmis
2651 4273 2719 4325 et
2773 4274 2965 4343 capnt
3012 4286 3339 4328 exornans

259 4368 325 4428 A.
514 4364 1606 4443 CONSTANTINVS.AVG.001
1651 4365 1729 4429 Ρ.
1839 4375 2139 4445 perpetuo
2184 4369 2562 4427 dfademate.
2665 4368 2815 4428 Huc
2875 4384 3047 4429 vero
3099 4366 3338 4447 partim

517 4470 721 4541 AVG.
756 4471 960 4534 eelP.
996 4471 1077 4533 F.
1081 4463 1325 4540 AVG.
1358 4472 1502 4532 vel.-
1543 4468 1620 4531 P.
1656 4468 1729 4529 Ρ.

319 4681 370 4753 s)
404 4680 466 4739 B.
504 4681 569 4740 L.
604 4682 677 4741 Τ.
715 4680 847 4757 XV.
889 4699 1022 4756 pag.
1063 4691 1185 4753 109.

1845 4464 2242 4549 spectaverit
2281 4466 2600 4552 Iulianus²
2662 4484 2809 4529 cum
2858 4464 3126 4529 delicias
3170 4468 3334 4550 ejus,

1334 4678 1404 4755 b>
1445 4677 1599 4737 Nota
1637 4688 1709 4754 59
1745 4676 1810 4736 iu
1848 4677 2324 4737 Constantinum.
