4388 5576
979 441 1130 516 DE
1220 440 1932 517 'rvaNl‘rlA
2021 415 2767 526 PoTEsTATE.

331 631 592 694 festant.
656 630 760 694 Ex
789 644 917 710 quo
954 626 1404 708 consequitur,
1454 639 1562 689 aut
1594 646 1825 690 numos

234 747 271 754 ”“
333 733 457 796 bos
491 732 778 815 signatos
798 732 1045 793 Romae
1081 731 1229 791 vivo
1265 729 1475 792 adhuc
1510 729 1824 805 Macrino,

331 833 504 918 quod
541 831 929 907 absurdum,
975 845 1078 895 aut
1099 833 1432 906 Valsechii
1462 832 1825 895 docuinam

330 937 437 997 vel
487 948 758 1018 propter
800 934 967 997 hanc
1013 955 1204 1003 unam
1262 954 1518 998 causam
1564 934 1827 1024 repudi·

336 1037 587 1200 andfim
582 1140 650 1199 In
690 1137 809 1202 hac
835 1137 1184 1219 hypothesi
1211 1136 1432 1220 coepit
1462 1138 1824 1203 tribunatus

333 1242 412 1302 11.
454 1239 560 1302 die
596 1241 769 1304 VIII.
801 1240 1156 1324 AprilisV.
1194 1241 1265 1304 C.
1314 1261 1471 1320 q7t,
1517 1260 1680 1323 ergo
1713 1241 1826 1305 de-

329 1342 555 1423 inceps
586 1341 694 1399 tx.
731 1339 874 1402 fere
918 1341 1284 1416 mensibus,
1330 1361 1568 1424 nempe
1616 1365 1822 1427 usque

326 1445 409 1508 ad
446 1444 615 1504 diem
644 1455 1042 1523 postremum
1064 1441 1455 1505 Decembris
1476 1487 1494 1517 ‚
1540 1442 1660 1505 fuit
1681 1449 1822 1509 ΤΒ.

328 1548 532 1612 ΡΟΤ.
566 1547 643 1606 ῙῙ.
683 1542 870 1608 COS.
942 1546 1029 1608 At
1075 1565 1401 1629 nunquam.
1437 1564 1584 1608 cum
1622 1545 1822 1607 tribu-

331 1661 485 1710 natu
505 1649 582 1709 11.
614 1648 957 1729 copulatur
979 1639 1350 1711 consulatus
1373 1649 1671 1731 simplet,
1705 1648 1821 1710 sed

331 1770 596 1834 semper
644 1748 1014 1812 consulatus
1074 1751 1149 1810 11.
1173 1794 1191 1826 ,
1268 1752 1445 1834 quod
1506 1752 1821 1835 probatur

325 1866 449 1915 tam
485 1851 727 1925 numia,
774 1871 963 1932 quam
996 1853 1444 1915 marmoribus.
1491 1855 1619 1917 Aut
1651 1873 1815 1935 crgo

319 1952 709 2022 Valsechius
746 1951 1102 2018 verisimile
1138 1955 1421 2030 efficiat,
1480 1955 1649 2018 intra
1687 1978 1817 2020 ma-

312 2057 533 2138 jorem
580 2054 744 2122 hanc
776 2054 923 2113 anni
955 2068 1207 2136 partem
1236 2056 1451 2119 nullos
1487 2076 1678 2121 cusos
1715 2058 1819 2123 fu·

323 2159 454 2219 isse
515 2152 851 2234 Elagabali
906 2176 1177 2231 numos,
1255 2171 1365 2220 aut
1424 2161 1813 2224 sententiam

318 2278 497 2320 suam
543 2256 825 2317 fateatur
888 2255 1188 2319 obtinere
1250 2280 1378 2322 non
1425 2281 1639 2345 posse.
1722 2266 1813 2325 Et

306 2379 481 2423 ‚vero
521 2354 874 2426 difficultas
893 2356 1057 2420 haec
1094 2377 1222 2420 non
1253 2374 1497 2422 tantum
1536 2361 1807 2427 adhunc

312 2473 552 2524 annum
603 2474 832 2541 urget,
891 2460 1008 2521 sed
1058 2462 1333 2544 perinde
1365 2465 1435 2545 in
1481 2465 1809 2548 sequenti-

318 2565 477 2639 bus;
518 2583 666 2623 nam
699 2582 777 2622 ex
827 2561 1054 2623 eadem
1103 2563 1254 2647 lege
1289 2567 1807 2650 oporteret-exi-

316 2679 491 2725 stere
514 2684 743 2731 numos
762 2666 909 2726 anni
935 2683 1057 2752 972
1076 2664 1425 2748 inscriptos
1447 2669 1586 2732 ΤΒ.
1604 2668 1806 2732 ΡΟΤ.

320 2768 426 2830 111.
462 2767 741 2831 COS.11
783 2810 800 2839 ,
846 2780 911 2829 et
949 2786 1182 2829 numos
1228 2767 1375 2830 anni
1409 2778 1535 2853 974
1579 2770 1830 2854 inseri--

312 2882 461 2950 ptos
510 2870 656 2930 TR.
690 2869 890 2930 PO'I'.
931 2870 1008 2934 V.
1048 2867 1235 2932 COS.
1272 2873 1423 2947 111„
1484 2872 1602 2934 sed
1639 2894 1803 2959 quoa

314 2989 542 3053 omnes
581 2969 741 3030 mihi
771 2968 1033 3050 ignotos
1071 2971 1410 3052 profiteor.

309 3120 313 3124 .
441 3072 553 3132 III.
600 3073 670 3130 In
712 3071 939 3132 eadem
984 3071 1279 3136 doctrina
1325 3072 1687 3139 tribunatus
1719 3079 1800 3145 V.

178 3220 187 3227 ,
313 3171 530 3251 coepit
553 3171 725 3235 VIII.
762 3171 1001 3252 Aprilis
1043 3173 1190 3239 anni
1213 3180 1335 3255 974
1358 3215 1374 3247 ,
1420 3188 1486 3236 et
1516 3178 1803 3258 exspira-

315 3271 405 3330 vit
442 3271 552 3331 XI.
593 3272 811 3333 Martii
861 3271 1012 3331 anni
1066 3273 1438 3355 sequentis,
1492 3274 1800 3339 nimirum

313 3393 458 3435 cum
499 3374 636 3454 ipsa
680 3385 891 3443 morte
928 3370 1295 3453 Elagabali.
1378 3377 1563 3459 Ergo
1608 3376 1663 3439 is
1695 3398 1803 3440 an-

312 3494 442 3536 nuo
477 3474 624 3535 fere
665 3472 872 3556 spatio
903 3470 1202 3540 duravit:
1228 3472 1425 3567 Quod
1458 3480 1513 3537 si
1546 3498 1800 3554 verum,

313 3577 420 3659 qui
457 3577 690 3637 factum
715 3619 731 3646 ‚
778 3588 847 3637 ut
879 3587 1009 3636 tam
1047 3577 1234 3659 pauci
1278 3578 1800 3663 existantElaga·

307 3679 440 3744 bali
476 3679 654 3739 numi
684 3676 1009 3740 tribunatu
1039 3679 1119 3744 V.
1156 3670 1476 3759 insigues,
1524 3702 1668 3743 cum
1709 3699 1796 3746 ta-

303 3801 455 3844 men
520 3780 960 3842 tribunatuum
1022 3779 1297 3841 aliorum
1370 3782 1551 3842 numi
1607 3784 1801 3845 abun-

301 3882 503 3947 dent?
550 3881 725 3944 Istud
759 3883 1095 3945 criterium
1141 3881 1208 3942 in
1238 3902 1311 3945 re
1350 3885 1798 3949 numismatica

301 4005 701 4070 nequaquam
737 3984 1251 4069 aspernandum,
1310 4000 1377 4049 et
1413 3985 1794 4064 adhibitum,

305 4108 447 4149 cum
491 4108 653 4168 opus
686 4101 819 4162 est,
863 4106 995 4150 non
1034 4109 1259 4172 parum
1295 4089 1459 4154 lucis
1494 4091 1795 4174 suppedi-

303 4200 411 4248 tat.
456 4190 640 4270 Ergo
673 4203 1007 4269 postremo
1062 4190 1211 4254 huic
1253 4190 1604 4254 tribunatui
1653 4213 1789 4256 arc·

306 4287 506 4348 tiores
540 4288 839 4352 cardines
870 4290 1246 4354 definiendi.

3261 456 3411 554 4³3

2068 630 2385 697 Abstineo
2404 678 2419 708 ,
2466 655 2617 699 cum
2647 634 2808 699 haec
2830 635 3138 703 sufficere
3159 653 3441 728 queant,

1942 735 2349 812 argumentis
2424 736 2611 816 aliis,
2686 758 2962 821 quorum
3041 742 3228 823 plura
3292 767 3450 811 con-

1943 836 2144 915 gessit
2178 836 2520 922 Philippus
2560 863 2598 902 a
2623 842 2839 903 Turre
2876 841 2944 900 in
2980 839 3441 914 dissertatione

1942 937 2169 1015 citata,
2230 960 2354 1022 qua
2422 939 2753 1006 Valsechii
2815 942 3178 1007 doctrinam
3240 953 3445 1014 omni·

1940 1036 2064 1101 bus
2109 1042 2424 1108 machinis
2487 1043 2845 1127 impugnat.
2938 1050 3187 1111 Tamen
3242 1055 3446 1119 exsti-

1941 1141 2019 1203 tit
2079 1162 2291 1225 nuper
2349 1143 2825 1223 Pinltertonus‚
2880 1149 2996 1233 qui
3050 1156 3440 1220 sententiam
3547 1205 3555 1209 -

1938 1242 2105 1307 hanc
2175 1245 2300 1326 jam
2375 1246 2571 1330 plane
2650 1247 3032 1312 derelictam
3094 1258 3434 1341 amplexus

1939 1358 2039 1406 est
2074 1343 2159 1428 ¹).
2245 1347 2503 1423 Nolim,
2549 1346 2994 1414 Froelicltium
3032 1376 3294 1442 quoque
3325 1381 3441 1425 no-

1938 1459 2146 1509 strum
2198 1447 2776 1533 ad·explicaudum
2826 1474 3062 1517 annum
3091 1461 3210 1535 V.‚
3257 1482 3441 1525 nem-

1937 1569 2022 1631 pe
2069 1546 2210 1609 GT.
2265 1545 2373 1624 6.,
2422 1551 2487 1609 in
2544 1573 2744 1615 numo
2799 1556 3154 1624 Caesareae
3196 1563 3440 1646 Cappa-

1938 1650 2166 1713 dociae
2216 1669 2364 1713 cum
2398 1653 2612 1733 capite
2641 1654 2997 1719 Alexandri
3026 1662 3177 1725 Sev.
3219 1664 3432 1729 adhuc

1937 1753 2232 1815 Caesaris
2287 1750 2531 1819 codem
2576 1774 2724 1818 cum
2774 1758 3129 1828 Valsechio
3181 1762 3432 1852 effugio

1930 1873 2121 1917 usum
2153 1850 2245 1936 Ιἱ).

2503 2068 2545 2112 0
2673 2022 2714 2061 .
2839 2075 2879 2113 fi

1982 2172 1995 2178 '
2057 2161 2397 2225 Sententia
2424 2165 2520 2226 ΙΙ.
2577 2161 2801 2248 pagii,
2849 2183 3041 2250 quam
3088 2171 3426 2255 amplexus

1918 2258 2123 2321 etiam
2171 2274 2308 2337 eat,
2373 2277 2444 2327 et
2501 2265 2701 2329 novis
2751 2273 3153 2351 argumentis
3198 2290 3426 2342 contra

1920 2360 2349 2429 Valsechium
2402 2366 2712 2431 stabilivit
2746 2368 3089 2454 Philippus
3126 2398 3162 2440 a
3206 2379 3423 2445 Turre

1921 2461 1989 2522 in
2027 2464 2307 2528 Dissert.
2344 2465 2428 2529 de
2470 2487 2638 2530 anno
2674 2470 2864 2553 Elag.
2892 2473 3046 2536 inde
3081 2499 3114 2536 a
3143 2498 3291 2561 pag.
3314 2480 3418 2545 68.

1922 2565 2247 2630 Nimirum
2288 2568 2836 2651 quemadmodum
2890 2553 3283 2660 Elagabalus
3327 2581 3426 2643 in·

1923 2669 2091 2731 vasit
2130 2661 2538 2733 consulatum
2571 2675 2884 2751 Macrini,
2932 2690 3000 2740 et
3047 2681 3228 2745 initia
3272 2686 3424 2746 anni

1921 2788 2082 2855 971,
2145 2792 2310 2857 quae
2375 2772 2528 2839 huic
2584 2774 3030 2858 debebantur,
3095 2804 3219 2867 per
3260 2787 3425 2852 anti·

1916 2872 2492 2953 cipationem-sibi
2553 2881 2935 2961 vindicavit,
3005 2898 3306 2972 tanquam
3365 2893 3422 2953 si

1917 2992 2003 3035 eo
2048 2988 2350 3060 tempore
2396 2982 2624 3044 consul
2672 2988 3137 3066 processisset,
3196 2992 3280 3053 ita
3328 2994 3419 3059 vi-

1912 3072 2116 3138 detur
2172 3079 2414 3159 conjici
2477 3104 2713 3164 posse,
2747 3086 2971 3149 -illum
3041 3089 3122 3152 ab
3179 3093 3413 3155 eodem

1916 3195 2180 3260 quoque
2242 3192 2579 3264 tempore,
2645 3186 2952 3250 nimirum
3013 3212 3052 3254 a
3092 3193 3413 3265 Kalendis

1914 3277 2047 3339 Ian.
2102 3278 2398 3361 ejusdem
2449 3286 2598 3346 anni
2633 3286 2910 3369 depulso
2965 3293 3149 3354 velut
3178 3297 3414 3358 Macri·

1916 3397 2042 3453 no,
2087 3392 2153 3441 et
2181 3379 2378 3441 simili
2404 3385 2864 3470 anticipatione
2900 3412 3108 3469 usum,
3142 3398 3412 3463 exordia

1916 3479 2017 3542 sui
2046 3481 2446 3567 principatus
2466 3491 2849 3573 repetiisse,
2895 3506 2965 3556 ut
2982 3516 3178 3559 unum
3209 3496 3416 3562 idem-

1915 3601 2043 3664 que
2107 3585 2480 3650 consulatus
2556 3603 2624 3652 et
2693 3593 2954 3679 imperii
3014 3598 3408 3687 principium

1915 3697 2109 3746 esset.
2197 3685 2382 3752 Haec
2425 3689 2545 3754 illi.
2607 3693 2923 3760 Doctrina
2958 3699 3121 3764 haec
3157 3721 3240 3766 eo
3274 3707 3411 3787 pri-

1914 3804 2032 3847 ore
2078 3801 2402 3869 praestat,
2446 3791 2620 3876 quod
2667 3800 3038 3864 consulatus
3082 3802 3211 3866 rite
3257 3827 3406 3871 cum

1909 3887 2383 3968 tribunatibus,
2439 3906 2511 3956 ut
2567 3899 2748 3962 numi
2793 3906 3175 3987 postulant,
3231 3928 3406 3972 com·
3431 3983 3439 3991 ‚

1908 4005 2262 4069 ponuntur.
2350 3995 2662 4063 Ceterum
2721 4006 2897 4067 o'mni
2973 4009 3119 4070 veri
3180 4013 3403 4096 specie

1910 4090 2308 4158 destituitur.
2394 4098 2596 4163 Certe
2654 4105 2823 4170 ratio
2879 4106 3074 4172 ducta
3134 4131 3171 4174 a
3213 4127 3401 4195 rapto

1902 4195 2181 4258 Macrini
2230 4200 2574 4264 consulatu
2627 4218 2873 4271 tantum
2921 4208 3136 4287 abest,
3183 4227 3254 4275 ut
3284 4216 3404 4278 Pa-

1902 4297 1993 4379 gii
2030 4301 2415 4365 sententiam
2442 4303 2655 4386 juvet,
2701 4321 2771 4370 ut
2820 4310 3012 4374 etiam
3048 4311 3399 4381 vehemen-

301 4476 3378 4527 ---—--——---—.-.......-..-...-...—-—-„—-„

368 4607 430 4675 a)
470 4603 656 4679 Essay
693 4620 769 4660 on
808 4602 1032 4661 medals
1072 4602 1206 4662 Vol.
1245 4605 1288 4663 1.
1328 4627 1458 4683 pag.
1507 4624 1593 4685 19.
1648 4608 1653 4611 ’

494 4696 670 4774 (Vol.
711 4694 928 4773 VIII.)
1055 4759 1063 4766 ,

1200 4835 1220 4881 K

1741 4612 1810 4686 b>
1841 4612 1943 4676 IV.
1986 4614 2158 4684 Tent.
2193 4624 2330 4694 pag.
2367 4621 2494 4686 306,

2854 4721 2987 4781 lii
