4388 5576
1071 454 1227 530 DE
1296 450 1861 529 PRINCIPE
1922 450 2690 536 IVVENTVTIS.

332 664 472 709 mus
502 638 824 708 Gordiani
862 639 1034 723 Aug.
1085 652 1477 724 argenteus,
1521 649 1697 700 totus
1733 635 1830 699 in-

324 745 539 832 teger',
584 729 654 813 et
686 743 1090 812 certissimae
1118 741 1515 826 antiquitatis
1534 761 1683 805 eum
1699 739 1830 803 boe

328 839 601 917 honoris
656 844 1013 923 vocabulo,
1087 864 1285 931 quem
1346 843 1497 909 loco
1555 862 1675 906 suo
1720 842 1849 906 de·

333 950 591 1037 scripsi.
635 939 1100 1025 Mediobarbus
1132 960 1271 1011 tres
1299 945 1591 1034 Philippi
1616 945 1834 1031 ‘junio-

327 1052 426 1117 ris
471 1052 602 1135 jam
635 1051 916 1138 Augusti
953 1070 1192 1115 numos
1236 1048 1534 1134 profert,
1577 1052 1646 1113 in
1677 1070 1833 1136 quo-

332 1156 568 1220 rumis
586 1176 815 1224 aversa
848 1153 1159 1241 princeps
1181 1150 1537 1237 juventutis
1568 1150 1828 1217 dicitur.

334 1256 521 1324 Sitne
570 1256 638 1319 in
672 1255 776 1319 bis
812 1254 941 1318 rite
992 1256 1195 1333 lecta,
1254 1272 1338 1318 an
1389 1253 1830 1344 amonetario

327 1378 456 1444 per
505 1378 810 1424 errorem
861 1357 991 1421 buc
1024 1358 1322 1422 traducta
1364 1357 1601 1422 matrix
1649 1375 1843 1422 aver-

333 1483 482 1540 ue,
527 1480 697 1547 quae
726 1479 941 1544 nuper
968 1459 1091 1523 fuit
1108 1458 1403 1543 Philippi
1432 1457 1645 1523 adhue
1674 1458 1836 1524 Cae-

331 1563 536 1641 saris,
580 1562 726 1647 quis
762 1561 1075 1628 decidet?
1159 1559 1452 1625 Subinde
1485 1561 1733 1626 Decius
1765 1574 1835 1626 et

315 1648 665 1748 *Augustus
685 1708 704 1743 ,
768 1680 833 1730 et
864 1665 1175 1750 princeps
1202 1665 1564 1751 juventutis
1609 1664 1732 1728 etsi
1763 1664 1831 1727 in

330 1786 534 1832 numo
552 1766 866 1832 haetenus
885 1769 1080 1833 unico
1101 1767 1373 1846 dieitur,
1418 1786 1611 1853 quem
1624 1766 1835 1854 Kbel-

329 1869 461 1933 lius
490 1871 560 1933 in
596 1890 715 1934 suo
766 1869 848 1933 sd
880 1870 1302 1939 Vaillantium
1351 1871 1827 1955 Subplemento

331 1971 639 2055 vulgavit.
725 1969 991 2034 Primus
1024 1991 1189 2056 ergo
1222 1992 1429 2057 usque
1467 1972 1666 2036 modo
1702 1971 1850 2036 erit

330 2073 708 2159 Gordianus
725 2073 837 2134 111.
855 2115 873 2149 ,
919 2074 1033 2157 qui
1054 2073 1315 2160 titulum
1344 2074 1519 2138 bunc
1537 2094 1687 2139 cum
1701 2075 1834 2137 Au-

333 2188 568 2260 gusteo
607 2174 673 2236 in
703 2173 919 2237 numis
946 2175 1305 2255 coniunxit.
1348 2178 1717 2261 Antequam
1748 2173 1831 2240 ad

333 2274 747 2359 sequentium
778 2276 1247 2360 imperatorum
1289 2298 1523 2343 numos
1553 2297 1857 2364 progre-.

332 2375 553 2440 dimur
571 2422 589 2456 ,
632 2377 1139 2441 memorandum
1162 2398 1454 2442 marmor
1493 2380 1830 2462 vulgatum

330 2502 369 2542 a
390 2479 641 2564 Sponi‘o
671 2480 731 2558 ⁸)
750 2523 768 2555 ‚
813 2479 878 2540 in
900 2500 1032 2564 quo
1066 2478 1349 2562 legitur:
1383 2481 1560 2546 IMP.
1582 2481 1827 2546 CAES.

325 2583 422 2645 Μ.
440 2580 867 2649 AVRELIO.
896 2579 1385 2646 ΔΝΤΟΝΙΝΟ.
1405 2581 1576 2645 PlO.
1594 2583 1833 2644 FELI-

330 2685 437 2748 CI.
473 2681 680 2770 AVG.
722 2682 1126 2747 PRINCIPI.
1153 2683 1710 2752 IVVENTVTIS.
1741 2719 1830 2732 -

328 2819 415 2834 --
444 2819 534 2833 -—
572 2784 868 2849 DEDIC.
912 2783 1151 2852 xvul.
1200 2784 1403 2849 ΚΑΒ.
1445 2785 1825 2850 SEPTEM.

226 2896 253 2929 a
333 2886 634 2953 CATIO.
707 2886 1054 2952 SABINO.
1125 2889 1267 2951 ΕΤ.
1345 2885 1826 2956 CORNELIO.

332 2988 755 3056 ANVLINO.
777 2987 968 3052 COS.
1010 2989 1413 3054 Processere
1432 2988 1503 3053 bi
1522 2993 1832 3057 consules

327 3091 412 3158 V.
453 3091 528 3154 G.
556 3091 720 3173 969,
766 3109 898 3173 quo
932 3090 1264 3156 Caracalla
1294 3091 1425 3176 jam
1461 3093 1833 3159 numeravit

332 3189 484 3254 trib.
539 3194 934 3272 potestatem
976 3190 1151 3255 XIX.
1207 3206 1277 3255 et
1329 3205 1547 3257 tamen
1613 3192 1829 3258 adhue

182 3368 207 3380 Ι
334 3290 641 3377 princeps
677 3289 812 3373 juV.
841 3290 1101 3356 dieitur.

414 3392 577 3458 Post
627 3390 751 3454 bos
795 3392 1052 3476 reliqua
1092 3392 1538 3477 Augustorum
1589 3392 1834 3478 prinei·

335 3515 494 3582 pum
543 3492 900 3580 juventutis
957 3496 1262 3582 exempla
1312 3494 1534 3563 obiter
1578 3498 1828 3561 tautum

256 4720 267 4734 ⁸
405 4736 471 4810 a>
496 4735 747 4821 Miscell.
787 4758 920 4818 pog-
958 4750 1084 4804 271.
1229 4739 1300 4810 b)
1339 4740 1528 4800 Class.
1568 4741 1674 4803 m.
1710 4762 1767 4800 u.
1806 4748 1900 4809 43.

3292 478 3435 560 329

1942 635 2284 718 indicabo,
2329 647 2497 726 quae
2532 638 2863 723 descripta
2912 638 3125 706 videri
3167 658 3442 725 possunt

1942 741 2010 802 in
2044 743 2453 826 singulorum
2496 742 2728 806 numis.
2811 741 3093 824 Decium
3143 750 3441 831 sequitur

1945 845 2328 909 Herennius
2357 843 2532 912 filius
2564 846 2633 907 in
2671 864 2874 909 aureo
2905 844 3284 927 Pellerinii,
3316 848 3442 925 ,de-

1946 946 2014 1008 in
2059 945 2237 1037 filius
2272 949 2442 1013 alter
2486 946 2911 1011 Hostilianas.
2995 951 3157 1015 Mox
3191 950 3446 1024 Trebo-

1945 1048 2211 1125 nianus,
2259 1062 2328 1113 et
2353 1049 2784 1129 Volusianus,
2829 1051 3156 1116 Tetricus.
3241 1054 3449 1120 Aure-

1944 1150 2191 1216 lianum
2236 1172 2371 1217 non
2407 1153 2670 1238 quidem
2711 1151 2895 1218 numi
2944 1154 3141 1218 talem
3185 1155 3448 1239 praedi·

1947 1267 2094 1317 osnt
2116 1297 2134 1332 ,
2176 1267 2394 1318 tamen
2427 1247 2719 1319 marmor
2749 1254 2920 1339 apud
2936 1257 3322 1323 Reinesium
3345 1257 3444 1345 l³),

1945 1354 2065 1418 sed
2100 1355 2213 1440 qui
2236 1349 2465 1441 inique
2507 1357 2793 1422 additum
2832 1359 3006 1446 hune
3040 1359 3306 1424 titulum
3330 1361 3446 1428 de·

1949 1457 2293 1543 scriptoris
2339 1461 2574 1547 culpae
2610 1459 2861 1526 tribuit.
2951 1460 3332 1548 Sequuntur
3362 1482 3449 1528 ex

1946 1562 2162 1625 numis
2218 1559 2515 1637 Probus,
2594 1562 3068 1640 Numerianus,
3150 1566 3447 1646 Carinus,

1948 1662 2094 1726 Gal.
2126 1661 2556 1728 Maximianus
2577 1709 2594 1741 ,
2643 1659 3442 1746 CarsusiussMsxentius,

1948 1764 2236 1849 denique
2274 1766 2733 1830 Constantinus
2766 1772 2860 1832 M.

2068 1867 2339 1960 Exn-tibi
2381 1868 2745 1934 absolutam
2805 1870 3047 1934 seriem
3109 1870 3439 1956 Augusto·

1941 1990 2089 2033 rum
2149 1970 2522 2057 principum
2594 1971 2972 2054 juventutis.
3076 1971 3255 2067 Quid
3317 1971 3446 2035 sibi

1946 2074 2392 2159 quaesiverint
2433 2073 2807 2158 adoptando
2850 2074 3075 2166 titulo,
3135 2075 3248 2162 qui
3292 2074 3447 2137 bsc-

1944 2187 2135 2240 tenus
2208 2187 2457 2240 tantum
2518 2176 2600 2240 ad
2661 2177 2997 2264 principes
3037 2175 3311 2242 secundi
3353 2176 3447 2238 fa·
3520 2163 3528 2174 ’

1946 2277 2122 2361 stigii
2182 2277 2537 2364 pertinuit,
2612 2301 2649 2342 a
2708 2279 2970 2345 nemine
3045 2277 3446 2363 explicatum

1941 2378 2252 2461 reperio,
2295 2400 2515 2464 neque
2547 2393 2615 2443 et
2648 2381 2809 2444 mibi
2844 2380 3059 2446 adbuc
3076 2394 3446 2465 opportuna

1943 2479 2290 2565 quaepiam
2336 2501 2528 2544 eausa
2575 2482 2643 2543 in
2690 2494 2980 2546 mentem
3032 2473 3282 2558 venit,·
3314 2482 3445 2545 nisi

1943 2579 2111 2645 hane
2142 2582 2311 2646 velis
2343 2582 2721 2647 referre'ad
2754 2585 3083 2668 cognitam
3118 2584 3242 2647 bac
3273 2595 3448 2648 aeta-

1942 2695 2010 2746 te
2045 2685 2334 2747 omnium
2353 2697 2657 2751 veterum
2690 2686 3134 2750 institutorum
3171 2705 3449 2750 conver·

1944 2785 2200 2852 sionem
2221 2832 2239 2866 ,
2285 2792 2470 2876 cujus
2504 2790 2771 2873 eopiosa
2798 2790 3113 2857 haetenus
3143 2786 3444 2853 dedimus

1943 2892 2272 2974 exempla.

2071 2993 2176 3055 De
2193 2992 2410 3059 numis
2430 2992 2645 3079 Crispi
2667 3015 2812 3059 cum
2831 2992 3190 3079 epigraphe
3207 2990 3448 3055 PRIN-

1947 3093 2196 3159 CIPIA.
2246 3097 2790 3168 IVVENTVTIS
2837 3096 3094 3178 egimus
3134 3094 3201 3155 in
3247 3093 3443 3176 hujus

1943 3206 2248 3273 moneta,
2309 3217 2443 3282 quo
2489 3199 2642 3262 loco
2695 3210 2764 3261 et
2809 3197 3065 3281 egimus
3108 3195 3194 3258 de
3239 3212 3443 3257 numo

1945 3296 2238 3360 Gratiani
2277 3300 2449 3380 Aug.
2486 3318 2632 3361 cum
2678 3297 3076 3383 epigraphot
3118 3297 3440 3365 PRINCI-

1942 3397 2185 3473 Plvm.
2226 3398 2795 3472 IVVENTVTIS.

2667 4810 3025 4922 ,Bbbja
