4388 5576
1351 481 2200 564 CONSTANTIVS
2283 492 2378 566 II.

303 668 500 740 vrvs.
533 703 622 719 -
669 627 1692 738 rnmclrt.'1vvem·vr1s;
1732 704 1820 719 -
1854 699 1858 710 «

303 773 771 842 VICTORIA.
986 771 1816 838 BAEATISSIMORVM.

303 874 606 939 CAESS.
644 888 774 937 etc.
798 871 929 955 jam
959 873 1106 937 fere
1140 894 1225 937 ex
1262 872 1816 958 praecedentibus
1919 909 1926 912 -

301 975 582 1059 cogniti.

655 1182 755 1260 r.
793 1183 858 1242 e.
895 1188 1058 1245 1090
1109 1184 1176 1242 ι».
1211 1184 1295 1244 Χ.
1327 1189 1473 1245 337.

798 1284 1299 1345 AVGVSTVS.

436 1483 708 1545 Mortuo
740 1483 1072 1548 boc-anno
1111 1499 1294 1567 patre
1330 1486 1662 1569 Augustus
1686 1530 1702 1562 ,
1751 1498 1819 1549 et

299 1584 508 1646 totius
548 1584 847 1649 Orientis
891 1586 1019 1669 jam
1065 1591 1330 1665 rector,
1389 1587 1644 1651 bellum
1689 1587 1820 1668 pri·

307 1707 487 1747 mum
524 1708 675 1750 cum
723 1688 977 1772 Sapore
1017 1690 1369 1752 Persarum
1395 1709 1581 1780 'rege
1640 1689 1818 1755 varia

291 1786 571 1851 fortuna
619 1791 813 1871 gerit'.
917 1790 1211 1854 Subinde
1264 1792 1615 1856 Occidenti
1665 1811 1819 1873 pro-

291 1893 502 1975 spicit
538 1891 695 1953 inde
741 1874 1023 1955 ab'anno
1071 1892 1262 1956 ΡκΧ.
1299 1894 1465 1972 350,
1513 1916 1641 1980 quo
1672 1914 1818 1956 cae-

299 2015 414 2055 tus
461 1995 676 2056 frater
722 1995 1075 2069 Constans,
1139 1998 1540 2079 Magnentii,
1585 2001 1817 2067 Vetra-

302 2097 521 2162 nionis
547 2143 564 2174 ,
611 2097 918 2159 Decentii
954 2099 1298 2178 tyrannide
1328 2099 1589 2162 turbato
1616 2144 1633 2176 ,
1678 2090 1816 2183 qui-

307 2195 426 2260 bus
474 2197 785 2261 omnibus
834 2199 987 2262 loco
1041 2203 1268 2278 motis,
1316 2223 1390 2266 ac
1435 2202 1816 2284 cumprimis

303 2300 510 2374 relata
554 2300 798 2385 insigni
847 2300 1021 2384 apud
1050 2305 1342 2368 Mursam
1392 2306 1475 2368 de
1502 2310 1815 2390 Magnen-

303 2400 399 2461 tio
441 2402 728 2467 victoria
783 2426 951 2467 nnus
1006 2427 1230 2468 rerum
1294 2409 1537 2492 potitus
1582 2427 1812 2490 pacem

299 2493 623 2569 restituit.
711 2506 876 2567 Cum
938 2528 1104 2569 nnus
1180 2522 1393 2572 tantae
1457 2510 1616 2571 moli
1678 2531 1810 2572 non

303 2604 674 2683 sufficeret,
711 2609 1157 2671 Constantium
1178 2610 1439 2674 Gallum
1474 2612 1815 2675 consobri-

299 2727 454 2786 num
509 2707 863 2773 Caesarem
901 2711 1185 2796 appellat
1227 2714 1530 2798 quidem,
1579 2737 1810 2801 rerum

303 2825 598 2896 propter·
636 2832 899 2874 morum
935 2816 1351 2897 asperitatem
1407 2816 1489 2881 ad
1531 2834 1814 2883 mortem

301 2913 539 2978 adacto
595 2914 793 2995 hujus
836 2914 1111 2980 fratrem
1167 2920 1485 2983 Iulianum
1552 2921 1813 2997 sufficit,

303 3033 594 3098 eumque
630 3016 811 3079 bello
846 3018 1195 3084 adversum
1214 3022 1606 3086 Alamannos
1628 3044 1814 3108 prae-

303 3134 452 3178 esse
492 3117 709 3200 jubet.
796 3119 877 3185 V.
925 3120 998 3185 C.
1067 3144 1228 3185 1110
1282 3126 1358 3191 P.
1403 3128 1484 3188 X.
1545 3127 1672 3208 357
1733 3128 1815 3189 tle

305 3218 698 3301 Magnentio
769 3223 1019 3286 Romae
1097 3224 1477 3315 triumphat.
1585 3227 1816 3291 Trien-
1923 3246 1928 3251 ·

305 3319 415 3381 nio
459 3333 620 3405 post
680 3319 930 3386 bellum
995 3310 1308 3390 a'dversus
1356 3327 1677 3411 Saporem
1722 3331 1816 3392 in-

309 3434 644 3500 ataui-ans,
708 3426 931 3489 audito
965 3427 1097 3490 ‘sub
1142 3429 1353 3512 ipsum
1402 3433 1564 3509 iter,
1627 3433 1816 3496 Iulia-

307 3534 502 3601 num,
554 3525 672 3608 qni
715 3529 964 3609 magnis
1010 3530 1209 3593 rebus
1258 3534 1460 3615 gestis
1518 3536 1817 3601 Alaman-

305 3644 425 3686 nos
469 3626 556 3689 acl
617 3648 848 3719 pacem
906 3634 1353 3715 compulerat,
1415 3638 1695 3720 Augusti
1740 3640 1818 3701 ti-

305 3729 511 3790 tulum
564 3730 633 3789 in
682 3730 915 3793 Galliis
960 3737 1356 3800 {militibus
1415 3754 1816 3824 acceptasse,

301 3827 501 3893 dilata
549 3830 819 3894 interim
882 3833 1166 3901 vindicta
1224 3853 1456 3926 coepta
1501 3862 1814 3923 prosecu·
1855 3882 1863 3897 ·

303 3944 409 3994 tus
451 3933 867 4015 Euphratem
932 3941 1182 4006 transit.
1289 3944 1376 4006 At
1437 3944 1687 4029 Sapore
1731 3944 1814 4009 ad

307 4034 450 4116 ejus
494 4036 853 4100 adventum
901 4043 1168 4118 territo,
1218 4058 1285 4107 et
1329 4067 1474 4110 cum
1517 4050 1816 4113 exercitu

311 4134 563 4222 dilapso
609 4159 959 4222 regressus
1016 4158 1081 4206 et
1120 4145 1299 4230 ipse,
1359 4150 1425 4209 in
1473 4150 1814 4230 lulianum,

309 4242 424 4324 qui
464 4242 596 4324 jam
644 4242 931 4321 Italiam,
978 4259 1044 4306 et
1073 4248 1410 4328 Illyricum
1458 4272 1816 4337 occupave-

309 4355 442 4418 rat,
486 4341 746 4406 bellum
769 4347 1067 4424 instruit,
1113 4370 1339 4413 verum
1363 4354 1427 4415 in
1452 4356 1672 4419 medio
1708 4380 1818 4443 ap-

309 4460 539 4524 paratu
592 4445 766 4528 apud
804 4450 1292 4531 Mopsucrenen
1347 4457 1617 4521 Ciliciae
1663 4480 1816 4522 eon-

311 4553 642 4611 tractoex
671 4549 1072 4632 aegrimonia
1107 4554 1342 4619 morbo
1376 4561 1816 4643 exstinguitur

307 4643 393 4711 V.
429 4650 500 4714 C.
541 4653 731 4727 '¹¹¹4
785 4652 857 4713 P.
914 4655 995 4715 X.
1034 4655 1181 4723 361.
1272 4661 1524 4747 Corpus
1556 4664 1810 4729 Iuliano
1870 4728 1874 4732 .

3298 525 3438 592 115

1934 671 2204 752 jubente
2241 674 2618 738 translatum
2653 674 3283 771 Constantinopolin,
3314 690 3437 754 ibi..

1936 795 2063 858 que
2098 776 2466 843 honorifice
2503 777 2859 842 conditum.
2940 842 2948 848 .

2061 880 2340 943 Habitus
2386 897 2486 947 est
2517 884 2769 967 ingenii
2805 887 3063 967 stolidi,
3113 894 3292 972 vani,
3338 916 3441 957 ar-

1932 981 2257 1062 rogantis,
2351 986 2416 1045 in
2496 991 2899 1078 suspiciones
2968 997 3289 1079 patentis,
3363 1020 3438 1063 ac

1934 1096 2070 1143 tum
2117 1084 2185 1144 in
2233 1086 2688 1154 crudelitatem
2731 1096 2959 1178 proni,
3024 1111 3219 1181 atque
3264 1100 3442 1164 istud

1897 1192 2067 1247 ‘non
2126 1185 2207 1248 ab
2274 1187 2643 1257 idololatris
2705 1199 2902 1261 modo
2981 1201 3437 1284 scriptoribus,

1883 1339 1893 1349 .
1937 1286 2058 1350 sed
2097 1288 2482 1356 Christianis
2518 1316 2816 1382 quoque,
2863 1299 3009 1386 qui,
3067 1318 3137 1366 ut
3185 1304 3326 1385 ejus
3370 1307 3440 1369 in

1936 1404 2235 1466 veterem
2272 1398 2806 1478 superstitionem
2855 1401 3077 1465 odium
3114 1406 3443 1470 collauda-

1935 1508 2170 1584 runt,s
2199 1494 2287 1557 ita
2343 1494 2423 1558 ad
2487 1499 2626 1581 ejus
2671 1502 2986 1568 insaniam
3028 1506 3440 1588 ingemuere,

1937 1596 2201 1680 quain
2273 1603 2717 1667 controversis
2797 1626 3021 1670 sacrae
3099 1609 3439 1675 doctrinae

1936 1698 2431 1783 quaestionibus
2482 1723 2691 1787 ‚agere
2753 1703 2896 1788 ipse
2961 1706 3276 1798 arbitrum
3337 1725 3440 1775 est

1921 1799 2160 1876 ausus,
2210 1813 2278 1863 et
2319 1805 2877 1891 episcopor-*inter
2921 1829 2993 1871 se
3031 1804 3445 1876 committen-

1934 1901 2019 1964 do
2062 1915 2310 1965 tantum
2356 1905 2502 1970 fere
2562 1909 2885 1973 ecclesiae
2945 1932 3176 1995 pacem
3219 1915 3442 1979 turba-

1931 2003 2062 2079 vit,
2121 1997 2443 2089 quantum¹
2513 2010 2625 2095 qui
2686 2032 2828 2074 eam
2890 2028 3038 2077 ante
3100 2018 3439 2099 persecuti

1932 2119 2100 2170 sunt.
2190 2109 2372 2171 luter
2401 2109 2565 2175 haec
2596 2113 2752 2190 vitia
2801 2115 3002 2180 fuisse
3048 2131 3265 2180 tamen
3309 2119 3442 2183 cla-

1931 2231 2077 2273 rum
2141 2209 2450 2295 eloquio,
2526 2229 3044 2300 temperantem,
3121 2221 3434 2303 egregiae

1930 2312 2418 2397 tranquillitatis
2497 2318 2857 2416 perbibent
2932 2321 3291 2457 Eutropius
3368 2336 3438 2387 et

1929 2428 2211 2501 uterque
2249 2416 2503 2486 Victor.

1954 2649 1963 2657 ,
2058 2584 2247 2650 onr
2304 2587 2353 2647 1.
2413 2585 2667 2649 incerti
2721 2590 3004 2653 nominis
3072 2593 3193 2655 Iul.
3274 2595 3444 2658 Con·

1930 2687 2151 2749 stantii
2206 2685 2420 2769 patrui
2482 2685 2651 2769 filia,
2707 2711 2953 2775 neque·
2989 2695 3197 2776 magis
3255 2712 3438 2761 certa

1930 2788 2090 2872 ejus⁸
2136 2788 2394 2874 reliqua
2456 2792 2610 2861 vita.
2702 2796 2903 2872 Sunt,
2962 2797 3074 2881 qui
3126 2803 3439 2865 Faustam

1930 2892 2324 2977 appellatam
2360 2894 2752 2978 conjiciant,
2800 2919 2931 2983 quo
2984 2901 3250 2964 nomine
3287 2924 3439 2986 per-

1932 3016 2192 3059 cussum
2239 3016 2506 3058 numum
2569 3012 2722 3084 post
2766 3002 3233 3083 Constantium„
3261 3003 3436 3071 bun'c

1929 3097 2142 3182 ipsum
2178 3096 2475 3181 prodam.

2061 3239 2247 3307 onr
2282 3238 2367 3300 11.
2441 3244 2727 3302 Eusebia
2802 3241 3005 3324 patris
3070 3244 3435 3308 consularis

1934 3339 2083 3401 filia.
2127 3343 2315 3437 Haec
2336 3360 2597 3424 quoque
2618 3341 2895 3419 sterilis,
2930 3355 2998 3404 ut
3016 3346 3222 3428 prior.
3270 3347 3431 3430 Ejus

1929 3440 2112 3501 numi
2152 3440 2434 3503 necdum
2473 3442 2745 3525 reperti.

2057 3578 2245 3644 onr
2289 3578 2404 3642 111.
2477 3582 2774 3644 Maxima
2817 3584 3169 3660 Faustiaeza,
3210 3605 3433 3668 qnam

1929 3694 2269 3765 postremo
2332 3679 2721 3745 vitae-anno
2778 3679 2963 3743 duxit
3018 3682 3276 3750 incerte
3323 3709 3438 3773 ge-

1929 3804 2092 3846 nere
2136 3796 2367 3845 ortam.
2434 3781 2559 3843 ‘Ex
2593 3782 2715 3845 hac
2758 3798 3017 3850 mortuo
3053 3787 3287 3852 marito
3325 3814 3433 3855 na-

1929 3900 1994 3950 ta
2039 3884 2411 3949 Constantia
2458 3883 2537 3947 ab
2580 3901 2822 3950 eventu
2874 3889 3048 3952 dicta
3101 3892 3436 3972 Postume,

1932 3987 2208 4052 subinde
2256 3987 2568 4052 Gratiano
2633 3989 2803 4073 Aug.
2876 4005 3098 4075 nupta.
3184 3995 3441 4059 Fausti·

1929 4113 2054 4155 nae
2117 4113 2385 4153 numum
2470 4090 2676 4153 edidit
2736 4094 3242 4175 Mediobarbus‚
3319 4100 3438 4162 sed

1932 4195 2045 4278 qui
2098 4194 2320 4257 verius
2362 4192 2622 4256 videtur
2667 4194 2749 4258 ad
2785 4196 3090 4261 Faustam
3126 4201 3440 4270 Constan-

1934 4294 2055 4358 tini
2092 4298 2183 4361 M.
2214 4296 2577 4379 pertinere.

1931 4467 2035 4529 Ab
2077 4468 2360 4532 annoV.
2399 4468 2460 4526 C·
2501 4472 2781 4531 10901’.
2825 4470 2908 4530 X.
2943 4476 3069 4537 33⁷
3120 4473 3325 4534 adV.
3369 4474 3433 4537 C.

2400 4575 2562 4629 1114
2596 4571 2669 4628 Ρ.
2708 4561 2791 4657 Χ.
2821 4577 2969 4633 361.

2887 4776 3026 4836 Pa
