4388 5576
1064 453 1205 535 226

1341 635 1618 693 adversa
1666 649 1809 691 cnm
1864 631 2066 690 barba
2119 630 2389 708 prolixa
2408 670 2425 703 ,
2483 629 2547 688 d.

1337 734 1598 815 ylobum
1640 735 2056 811 cmciqerum.
2126 790 2132 795 .

1063 838 1220 900 Sine
1277 832 1655 918 epigraphe.
1752 837 1903 895 Tres
1952 835 2363 910 imperatores
2406 849 2552 890 cum

1057 927 1203 1002 suis*
1223 940 1467 1018 sinqult'
1486 938 1699 1017 ylobt‘s
1725 936 2108 1013 aucuperis,
2154 935 2225 993 in
2255 934 2382 991 imo
2400 927 2553 992 CO-

1060 1039 1265 1105 NOB.
1353 1039 1490 1107 AV.
1538 1036 1740 1122 (Mus,
1785 1035 2002 1116 Caes.)
2048 1032 2188 1093 AR.
2239 1021 2547 1112 (Band.)

1604 1247 1647 1285 fi
1771 1201 1812 1240 ῃ
1937 1245 1977 1285 fi

1339 1339 1720 1425 Epigraphe
1761 1337 1976 1403 dubia.
2020 1341 2356 1400 Protomae
2382 1340 2551 1400 duae

1338 1450 1668 1519 adversae,
1704 1435 1914 1508 altere
1939 1446 2152 1519 major
2181 1439 2325 1501 eum
2349 1441 2549 1516 proli-

1337 1569 1433 1610 xa
1466 1549 1698 1623 barba,
1739 1546 1950 1606 altera
1984 1545 2194 1604 minor
2230 1543 2549 1603 imberbis.

1003 1665 1006 1666 ’
1061 1650 1214 1712 Sine
1268 1646 1650 1731 epigraphe.
1738 1647 1923 1707 Duae
1953 1654 2286 1723 protomae
2327 1645 2552 1704 adver·

1601 440 2534 520 CONSTANTINVS
2616 440 2743 514 IV.
2847 436 3602 516 POGONATVS.

2664 644 2779 687 sae
2813 627 3117 690 Imber-bes
3150 628 3366 688 media
3403 629 3572 690 tuter
3608 646 3723 690 eae
3757 645 3955 692 cruca
4001 629 4126 692 AV.
4182 609 4185 616 Α

2664 728 2865 808 (Mus.
2903 725 3119 805 Caes.)

2791 827 2956 888 Sunt
2999 827 3068 886 hi
3112 826 3291 888 numi
3334 827 3680 892 voluminis
3723 830 3969 914 exigui,
4020 829 4129 892 se'd

2665 927 2917 992 metalli
2949 928 3153 992 crassi
3183 941 3252 991 et
3285 929 3573 1012 globosi,
3606 951 3968 1017 eorumque
3996 926 4132 995 bina

2667 1030 2969 1112 exempla
3000 1029 3246 1091 suntin
3277 1052 3510 1096 museo
3550 1034 3894 1099 Caesareo.
3934 1034 4133 1101 Barba

2658 1131 2829 1194 hirta
2886 1146 2955 1196 et
3006 1150 3286 1214 expansa
3342 1133 3515 1196 haud
3569 1133 3768 1198 dubie
3824 1156 3936 1201 eos
3980 1138 4132 1201 Con-

2659 1233 2853 1296 stanti
2886 1235 2967 1297 11.
3011 1233 3314 1298 vindicat.
3358 1238 3544 1318 Ergo
3579 1235 3692 1319 qui
3726 1237 3828 1300 illi
3862 1240 3927 1301 in
3957 1250 4129 1321 parte

2664 1336 2875 1399 antica
2910 1335 3229 1413 sociatur,
3272 1350 3375 1399 est
3414 1337 3554 1419 ejus
3587 1337 3761 1401 filius
3792 1338 4135 1401 Constanti·

2664 1458 2820 1512 nus,
2878 1438 2988 1520 qui
3035 1440 3378 1514 successit,
3438 1452 3535 1513 et,
3594 1461 3758 1524 quos
3802 1460 4021 1505 aversa
4063 1437 4135 1501 si·

2665 1540 2807 1617 stit,
2853 1540 2984 1606 duo
3018 1541 3130 1604 alii
3161 1541 3303 1622 ejus
3336 1541 3456 1602 filii
3484 1543 3831 1606 Heraclius
3859 1557 3928 1606 et
3958 1541 4136 1607 'ribe-

2663 1644 2832 1717 rius,
2878 1661 3042 1726 quos
3076 1645 3390 1708 Caesares
3417 1644 3787 1728 appellavit.

2355 1844 2480 1906 PB
2499 1844 2560 1903 E
2577 1842 2675 1903 TI
2697 1844 2757 1904 V
2766 1845 2854 1907 M.

1650 2046 1858 2122 Aurei
1961 2078 3475 2105 ...............
3558 2043 3633 2105 C.

1652 2137 1976 2222 Argentei
2064 2181 3469 2206 ..............
3555 2143 3697 2207 RR.

1648 2242 1855 2304 Aurei
1902 2238 2117 2304 variae
2157 2238 2414 2302 formae
2493 2282 3467 2310 ...........
3552 2246 3693 2306 RB.

1790 2555 2655 2618 CONSTANTINVS
2715 2554 2825 2614 W.
2915 2558 3427 2634 Poyonatus.

1180 2756 1237 2817 A
1286 2765 1465 2838 patre
1510 2754 1860 2817 Constante
1905 2753 1984 2815 11.
2033 2747 2115 2814 ad
2148 2750 2545 2834 Augusteum

1059 2858 1439 2941 dignitatem
1476 2869 1740 2919 vocatus
1775 2873 1943 2916 anno
1964 2855 2119 2928 654,
2156 2852 2342 2935 cujus
2373 2851 2551 2914 dein-

1056 2958 1140 3022 de
1167 2959 1235 3021 in
1259 2957 1479 3019 Sicilia
1506 2976 1674 3018 anno
1704 2955 1827 3017 668
1857 2955 2028 3018 caesi
2060 2967 2340 3016 mortem
2373 2972 2554 3016 acer·

1055 3060 1237 3133 rimis
1276 3059 1506 3142 poenis
1543 3056 1916 3121 vindicavit.
1988 3057 2048 3118 A
2081 3055 2423 3118 Saracenis
2460 3055 2549 3138 ip·

961 3224 966 3233 .
1057 3183 1190 3225 sam
1224 3156 1830 3240 Constantinopolin
1861 3156 2070 3222 classe
2097 3157 2551 3220 infestantibus

1055 3265 1123 3324 in
1167 3276 1416 3325 arctum
1461 3259 1800 3335 redactus,
1846 3278 1961 3322 eos
2001 3273 2220 3322 tamen
2263 3280 2394 3321 non
2436 3258 2554 3321 mi-

1052 3385 1174 3426 nus
1206 3374 1484 3426 suorum
1508 3363 1784 3437 virtute,
1822 3382 2013 3445 quam
2047 3360 2361 3437 artificio,
2400 3363 2552 3423 adu·

1053 3467 1169 3528 stis
1202 3465 1508 3527 nimirum
1547 3464 1702 3546 igne
1727 3462 1993 3527 Graeco
2027 3463 2333 3540 navibus,
2377 3463 2551 3526 redi·

1051 3588 1129 3629 re
1172 3567 1250 3629 ad
1296 3590 1406 3630 sua
1457 3566 1701 3648 coegit.
1761 3567 1820 3626 A
1864 3567 2206 3648 Balgatia,
2254 3565 2365 3652 qui
2412 3580 2548 3628 tum

1054 3671 1335 3752 primum
1367 3670 1839 3731 ‘Romanorum
1918 3666 2236 3731 ditionem
2306 3688 2545 3731 vexare

1059 3783 1442 3854 coeperunt,
1477 3789 1701 3850 pacem
1728 3768 1975 3830 tributo
2002 3770 2306 3859 redemit.
2349 3772 2549 3832 Mori«

1041 3885 1162 3965 ‘tur
1194 3891 1362 3932 anno
1389 3870 1533 3931 (³85.
1581 3869 1809 3932 Dictus
1844 3868 1967 3932 fuit
1991 3877 2392 3953 Poyonatus,
2427 3872 2550 3935 etsi

1056 3973 1196 4050 ejus
1253 3970 1448 4032 barba
1497 3970 1559 4029 in
1611 3972 1821 4033 numis
1876 3991 2007 4033 non
2057 3985 2189 4033 tam
2246 3980 2581 4056 appareat

1060 4073 1416 4155 explicata,
1462 4092 1647 4154 quam
1682 4072 1881 4153 patris
1914 4072 2281 4135 Constantis
2304 4116 2320 4148 ,
2364 4072 2551 4133 nimi-

1055 4196 1201 4236 rum
1251 4174 1345 4236 sic
1394 4189 1660 4262 vocatus
1711 4197 1743 4235 a
1796 4173 2548 4257 constantinopolitanis,

1056 4278 1203 4361 quia
1242 4290 1466 4340 tenera
1506 4294 1654 4338 cum
1697 4273 2002 4358 lanugine
2044 4276 2362 4357 Byzantio
2400 4296 2547 4339 cum

1054 4364 1239 4462 patre
1278 4379 1650 4463 profectus,
1694 4379 1906 4440 redux
1941 4397 1979 4440 e
2018 4377 2240 4440 Sicilia
2275 4380 2551 4462 promis·

937 4538 938 4541 ,
1019 4492 1190 4547 'sam
1238 4480 1500 4543 barbam
1547 4481 1771 4544 retulit
1803 4483 1884 4563 ⁸).

1777 4592 1802 4626 S

2793 2749 2979 2817 onr
3019 2753 3411 2829 Anastasia,
3458 2770 3543 2815 ex
3586 2771 3712 2838 qua
3756 2765 3939 2819 uatus
3968 2757 4142 2818 Iusti»

2665 2854 2933 2930 uiantes,
2974 2853 3089 2937 qui
3135 2855 3466 2919 successit.

3270 3127 3559 3188 Numi.-

2793 3364 2875 3428 D.
2936 3365 3015 3424 N.
3076 3361 3809 3431 CONSTANTINVS.·
3839 3363 3967 3426 ΡΡ.
4010 3360 4138 3423 AV.

2663 3476 2774 3525 aut
2821 3463 3019 3555 modo
3067 3464 3298 3537 simili,
3340 3464 3735 3548 plerumque
3783 3467 3974 3548 plane
4010 3463 4141 3524 bar-

2662 3564 2857 3644 baro,
2920 3566 3133 3630 literis
3183 3579 3291 3628 aut
3338 3566 3661 3643 confusis,
3725 3581 3837 3631 aut
3888 3586 3967 3628 ex
4017 3564 4143 3647 qui·

2663 3667 2783 3731 bus
2824 3668 2928 3730 vix
2965 3688 3185 3730 sanum
3227 3668 3610 3737 vocabulum
3650 3666 3978 3733 conficias.
4022 3665 4144 3724 Hu-

2664 3770 2765 3851 jus
2793 3769 3067 3853 Augusti
3099 3790 3328 3832 numos
3354 3791 3478 3853 per
3503 3768 3912 3853 epigraphen
3931 3813 3948 3845 ,
3991 3786 4141 3852 quae

2664 3871 2812 3932 fere
2851 3870 3078 3933 eadem
3117 3885 3253 3945 est,
3297 3871 3411 3936 vix
3448 3894 3483 3933 a
3540 3874 3749 3956 patris
3791 3866 4141 3937 Constantis

2666 3973 2877 4035 numia
2940 3973 3302 4055 dignoscas.
3390 3973 3598 4055 Igitur
3657 3974 3872 4037 solum
3932 3971 4143 4034 discri-
4223 3975 4227 3979 ’

2659 4093 2817 4150 ,πιθα
2889 4073 3147 4136 adseret
3220 4074 3517 4140 diversus
3589 4075 3837 4140 barbae
3901 4071 4139 4143 modus,

2665 4191 2735 4239 ut
2779 4197 2929 4239 mox
2976 4176 3240 4239 dictum.

2789 4280 3102 4343 Protome
3139 4279 3408 4342 adversa
3447 4297 3593 4340 cum
3628 4291 3977 4342 stemmate
4010 4291 4140 4340 cru·

2629 4382 2892 4462 'cigero
2942 4381 3002 4443 d.
3045 4381 3308 4463 globum
3350 4381 3808 4461 crucigerum‚
3856 4403 3906 4442 s.
3939 4380 4141 4459 clype-

2662 4504 2807 4556 um,
2852 4483 2923 4561 in'
2953 4503 3083 4566 quo
3119 4503 3359 4566 eques,
3389 4484 3763 4547 'autetiam
3814 4483 3952 4545 sine
3998 4479 4133 4541 hoo.

1066 4615 4122 4654 ——ffl-——ffl

1129 4700 1191 4765 a)
1232 4692 1495 4749 Zonaras
1534 4693 1595 4749 L.
1639 4692 1796 4754 xlv.
1841 4712 1971 4768 cap.
2011 4704 2097 4753 20.
