<?xml version="1.0" encoding="UTF-8"?>
<!DOCTYPE html PUBLIC "-//W3C//DTD XHTML 1.0 Transitional//EN"
    "http://www.w3.org/TR/xhtml1/DTD/xhtml1-transitional.dtd">
<html xmlns="http://www.w3.org/1999/xhtml" xml:lang="en" lang="en">
 <head>
  <title>
</title>
<meta http-equiv="Content-Type" content="text/html;charset=utf-8" />
  <meta name='ocr-system' content='tesseract 3.04.00' />
  <meta name='ocr-capabilities' content='ocr_page ocr_carea ocr_par ocr_line ocrx_word'/>
</head>
<body>
  <div class='ocr_page' id='page_1' title='image "./doctrinanumorum04hohlgoog/doctrinanumorum04hohlgoog_0611.png"; bbox 0 0 4388 5576; ppageno 0'>
   <div class='ocr_carea' id='block_1_1' title="bbox 830 546 3328 639">
    <p class='ocr_par' dir='ltr' id='par_1_1' title="bbox 830 546 3328 639">
     <span class='ocr_line' id='line_1_1' title="bbox 830 546 3328 639; baseline -0.006 -1"><span class='ocrx_word' id='word_1_1' title='bbox 830 548 1581 639; x_wconf 70' lang='lat' dir='ltr'>:DE-IOSEPHO&#39;-</span> <span class='ocrx_word' id='word_1_2' title='bbox 1640 557 2155 636; x_wconf 67' lang='lat' dir='ltr'>H1LA&#39;R10</span> <span class='ocrx_word' id='word_1_3' title='bbox 2234 556 2720 635; x_wconf 81' lang='lat' dir='ltr'>ECRHEL.</span> <span class='ocrx_word' id='word_1_4' title='bbox 3185 546 3328 622; x_wconf 64' lang='lat' dir='ltr'>-x&#39;v</span> 
     </span>
    </p>
   </div>
   <div class='ocr_carea' id='block_1_2' title="bbox 210 723 3390 4979">
    <p class='ocr_par' dir='ltr' id='par_1_2' title="bbox 234 723 3345 2974">
     <span class='ocr_line' id='line_1_2' title="bbox 432 723 3330 828; baseline -0.003 -21"><span class='ocrx_word' id='word_1_5' title='bbox 432 731 559 808; x_wconf 81' lang='lat' dir='ltr'>Ita</span> <span class='ocrx_word' id='word_1_6' title='bbox 590 732 874 807; x_wconf 64' lang='lat' dir='ltr'>Eclthel</span> <span class='ocrx_word' id='word_1_7' title='bbox 910 744 1169 807; x_wconf 83' lang='lat' dir='ltr'>noster</span> <span class='ocrx_word' id='word_1_8' title='bbox 1198 731 1293 805; x_wconf 89' lang='lat' dir='ltr'>de</span> <span class='ocrx_word' id='word_1_9' title='bbox 1336 756 1420 804; x_wconf 91' lang='lat' dir='ltr'>re</span> <span class='ocrx_word' id='word_1_10' title='bbox 1465 728 1794 804; x_wconf 89' lang='lat' dir='ltr'>numaria</span> <span class='ocrx_word' id='word_1_11' title='bbox 1823 753 2017 803; x_wconf 88' lang='lat' dir='ltr'>unus</span> <span class='ocrx_word' id='word_1_12' title='bbox 2052 729 2381 803; x_wconf 88' lang='lat' dir='ltr'>omnium</span> <span class='ocrx_word' id='word_1_13' title='bbox 2421 729 2716 828; x_wconf 76' lang='lat' dir='ltr'>optime·</span> <span class='ocrx_word' id='word_1_14' title='bbox 2736 723 3039 800; x_wconf 85' lang='lat' dir='ltr'>meritus</span> <span class='ocrx_word' id='word_1_15' title='bbox 3077 742 3212 817; x_wconf 87' lang='lat' dir='ltr'>est,</span> <span class='ocrx_word' id='word_1_16' title='bbox 3241 743 3330 799; x_wconf 89' lang='lat' dir='ltr'>ut</span> 
     </span>
     <span class='ocr_line' id='line_1_3' title="bbox 246 861 3329 969; baseline -0.001 -28"><span class='ocrx_word' id='word_1_17' title='bbox 246 868 377 969; x_wconf 79' lang='lat' dir='ltr'>qui</span> <span class='ocrx_word' id='word_1_18' title='bbox 415 866 907 951; x_wconf 68' lang='lat' dir='ltr'>exactissimae</span> <span class='ocrx_word' id='word_1_19' title='bbox 944 888 1277 966; x_wconf 82' lang='lat' dir='ltr'>quasque</span> <span class='ocrx_word' id='word_1_20' title='bbox 1314 881 1391 937; x_wconf 91' lang='lat' dir='ltr'>et</span> <span class='ocrx_word' id='word_1_21' title='bbox 1420 862 1870 937; x_wconf 78' lang='lat' dir='ltr'>certissimas</span> <span class='ocrx_word' id='word_1_22' title='bbox 1900 864 2247 938; x_wconf 89' lang='lat' dir='ltr'>notiones</span> <span class='ocrx_word' id='word_1_23' title='bbox 2271 863 2349 936; x_wconf 91' lang='lat' dir='ltr'>in</span> <span class='ocrx_word' id='word_1_24' title='bbox 2384 889 2610 937; x_wconf 90' lang='lat' dir='ltr'>unum</span> <span class='ocrx_word' id='word_1_25' title='bbox 2645 889 2913 963; x_wconf 87' lang='lat' dir='ltr'>corpus</span> <span class='ocrx_word' id='word_1_26' title='bbox 2948 861 3329 938; x_wconf 61' lang='lat' dir='ltr'>doctrinae</span> 
     </span>
     <span class='ocr_line' id='line_1_4' title="bbox 252 975 3332 1102; baseline -0.001 -28"><span class='ocrx_word' id='word_1_27' title='bbox 252 1002 629 1102; x_wconf 79' lang='lat' dir='ltr'><strong>redigere,</strong></span> <span class='ocrx_word' id='word_1_28' title='bbox 674 1022 759 1078; x_wconf 87' lang='lat' dir='ltr'>et</span> <span class='ocrx_word' id='word_1_29' title='bbox 799 1026 1092 1077; x_wconf 86' lang='lat' dir='ltr'>omnem</span> <span class='ocrx_word' id='word_1_30' title='bbox 1129 998 1511 1073; x_wconf 71' lang='lat' dir='ltr'>scientiam</span> <span class='ocrx_word' id='word_1_31' title='bbox 1553 998 2131 1071; x_wconf 84' lang='lat' dir='ltr'>numismaticam</span> <span class='ocrx_word' id='word_1_32' title='bbox 2172 997 2523 1072; x_wconf 85' lang='lat' dir='ltr'><strong>methodo</strong></span> <span class='ocrx_word' id='word_1_33' title='bbox 2560 997 3121 1099; x_wconf 78' lang='lat' dir='ltr'>philosophicae</span> <span class='ocrx_word' id='word_1_34' title='bbox 3157 975 3332 1072; x_wconf 85' lang='lat' dir='ltr'>suh-</span> 
     </span>
     <span class='ocr_line' id='line_1_5' title="bbox 249 1129 3338 1237; baseline 0.001 -28"><span class='ocrx_word' id='word_1_35' title='bbox 249 1137 472 1237; x_wconf 84' lang='lat' dir='ltr'>jicere</span> <span class='ocrx_word' id='word_1_36' title='bbox 515 1136 851 1212; x_wconf 85' lang='lat' dir='ltr'>instituit.</span> <span class='ocrx_word' id='word_1_37' title='bbox 915 1133 1039 1210; x_wconf 83' lang='lat' dir='ltr'>Ad</span> <span class='ocrx_word' id='word_1_38' title='bbox 1080 1131 1284 1233; x_wconf 87' lang='lat' dir='ltr'>quod</span> <span class='ocrx_word' id='word_1_39' title='bbox 1326 1157 1514 1231; x_wconf 86' lang='lat' dir='ltr'>opus</span> <span class='ocrx_word' id='word_1_40' title='bbox 1547 1131 2077 1231; x_wconf 85' lang='lat' dir='ltr'>perficiendum</span> <span class='ocrx_word' id='word_1_41' title='bbox 2103 1149 2305 1206; x_wconf 85' lang='lat' dir='ltr'>certe</span> <span class='ocrx_word' id='word_1_42' title='bbox 2341 1131 2650 1231; x_wconf 87' lang='lat' dir='ltr'>plurima</span> <span class='ocrx_word' id='word_1_43' title='bbox 2692 1158 2930 1232; x_wconf 87' lang='lat' dir='ltr'>eaque</span> <span class='ocrx_word' id='word_1_44' title='bbox 2972 1129 3338 1221; x_wconf 74' lang='lat' dir='ltr'>rarissima</span> 
     </span>
     <span class='ocr_line' id='line_1_6' title="bbox 238 1265 3334 1369; baseline -0.002 -24"><span class='ocrx_word' id='word_1_45' title='bbox 238 1271 812 1369; x_wconf 76' lang='lat' dir='ltr'>requirebantur</span> <span class='ocrx_word' id='word_1_46' title='bbox 844 1267 1126 1366; x_wconf 90' lang='lat' dir='ltr'>ingenii</span> <span class='ocrx_word' id='word_1_47' title='bbox 1156 1265 1893 1367; x_wconf 84' lang='lat' dir='ltr'>praesidia,·scilicet</span> <span class='ocrx_word' id='word_1_48' title='bbox 1931 1265 2396 1363; x_wconf 82' lang='lat' dir='ltr'>cognitiones</span> <span class='ocrx_word' id='word_1_49' title='bbox 2437 1266 2515 1336; x_wconf 88' lang='lat' dir='ltr'>in</span> <span class='ocrx_word' id='word_1_50' title='bbox 2549 1291 3018 1365; x_wconf 87' lang='lat' dir='ltr'>quocumque</span> <span class='ocrx_word' id='word_1_51' title='bbox 3057 1292 3334 1365; x_wconf 78' lang='lat' dir='ltr'>genere</span> 
     </span>
     <span class='ocr_line' id='line_1_7' title="bbox 252 1397 3334 1498; baseline -0.003 -20"><span class='ocrx_word' id='word_1_52' title='bbox 252 1404 685 1478; x_wconf 81' lang='lat' dir='ltr'>eruditionis</span> <span class='ocrx_word' id='word_1_53' title='bbox 722 1403 881 1475; x_wconf 86' lang='lat' dir='ltr'>fere</span> <span class='ocrx_word' id='word_1_54' title='bbox 921 1400 1368 1488; x_wconf 86' lang='lat' dir='ltr'>immensae,</span> <span class='ocrx_word' id='word_1_55' title='bbox 1418 1397 1740 1475; x_wconf 83' lang='lat' dir='ltr'>studium</span> <span class='ocrx_word' id='word_1_56' title='bbox 1785 1425 2172 1472; x_wconf 87' lang='lat' dir='ltr'>numorum</span> <span class='ocrx_word' id='word_1_57' title='bbox 2223 1398 2561 1473; x_wconf 66' lang='lat' dir='ltr'>‘funditus</span> <span class='ocrx_word' id='word_1_58' title='bbox 2623 1401 3087 1489; x_wconf 83' lang='lat' dir='ltr'>exhaustum,</span> <span class='ocrx_word' id='word_1_59' title='bbox 3139 1400 3334 1498; x_wconf 77' lang='lat' dir='ltr'>judi-</span> 
     </span>
     <span class='ocr_line' id='line_1_8' title="bbox 234 1532 3334 1636; baseline -0.002 -24"><span class='ocrx_word' id='word_1_60' title='bbox 234 1537 439 1612; x_wconf 66' lang='lat' dir='ltr'>eim&#39;n</span> <span class='ocrx_word' id='word_1_61' title='bbox 477 1562 776 1626; x_wconf 86' lang='lat' dir='ltr'>sanum,</span> <span class='ocrx_word' id='word_1_62' title='bbox 826 1533 1189 1636; x_wconf 80' lang='lat' dir='ltr'>praecisio</span> <span class='ocrx_word' id='word_1_63' title='bbox 1226 1533 1554 1607; x_wconf 86' lang='lat' dir='ltr'>idearum</span> <span class='ocrx_word' id='word_1_64' title='bbox 1594 1532 1939 1624; x_wconf 84' lang='lat' dir='ltr'>maxima,</span> <span class='ocrx_word' id='word_1_65' title='bbox 1989 1532 2274 1607; x_wconf 88' lang='lat' dir='ltr'>animus</span> <span class='ocrx_word' id='word_1_66' title='bbox 2310 1532 2649 1606; x_wconf 89' lang='lat' dir='ltr'>immunis</span> <span class='ocrx_word' id='word_1_67' title='bbox 2689 1560 2730 1606; x_wconf 88' lang='lat' dir='ltr'>a</span> <span class='ocrx_word' id='word_1_68' title='bbox 2771 1533 3334 1633; x_wconf 76' lang='lat' dir='ltr'>praeoccupatis</span> 
     </span>
     <span class='ocr_line' id='line_1_9' title="bbox 250 1666 3334 1772; baseline -0.002 -26"><span class='ocrx_word' id='word_1_69' title='bbox 250 1671 746 1772; x_wconf 90' lang='lat' dir='ltr'>opinionibus,</span> <span class='ocrx_word' id='word_1_70' title='bbox 782 1671 891 1744; x_wconf 87' lang='lat' dir='ltr'>vis</span> <span class='ocrx_word' id='word_1_71' title='bbox 936 1667 1300 1743; x_wconf 75' lang='lat' dir='ltr'>ratiocinii</span> <span class='ocrx_word' id='word_1_72' title='bbox 1335 1667 1807 1768; x_wconf 84' lang='lat' dir='ltr'>praepollens</span> <span class='ocrx_word' id='word_1_73' title='bbox 1844 1685 1920 1740; x_wconf 90' lang='lat' dir='ltr'>et</span> <span class='ocrx_word' id='word_1_74' title='bbox 1954 1666 2337 1764; x_wconf 82' lang='lat' dir='ltr'>diligentia</span> <span class='ocrx_word' id='word_1_75' title='bbox 2368 1666 2547 1757; x_wconf 73' lang='lat' dir='ltr'>veri,</span> <span class='ocrx_word' id='word_1_76' title='bbox 2591 1666 2762 1767; x_wconf 81' lang='lat' dir='ltr'>styli</span> <span class='ocrx_word' id='word_1_77' title='bbox 2806 1668 3132 1767; x_wconf 88' lang='lat' dir='ltr'>denique</span> <span class='ocrx_word' id='word_1_78' title='bbox 3166 1690 3334 1766; x_wconf 86' lang='lat' dir='ltr'>pcr-</span> 
     </span>
     <span class='ocr_line' id='line_1_10' title="bbox 248 1790 3337 1903; baseline -0.002 -24"><span class='ocrx_word' id='word_1_79' title='bbox 248 1805 598 1903; x_wconf 83' lang='lat' dir='ltr'>spicuitas</span> <span class='ocrx_word' id='word_1_80' title='bbox 640 1830 940 1876; x_wconf 88' lang='lat' dir='ltr'>summa.</span> <span class='ocrx_word' id='word_1_81' title='bbox 995 1801 1318 1903; x_wconf 79' lang='lat' dir='ltr'>Quarum</span> <span class='ocrx_word' id='word_1_82' title='bbox 1363 1790 1704 1875; x_wconf 81' lang='lat' dir='ltr'>virtutum</span> <span class='ocrx_word' id='word_1_83' title='bbox 1762 1801 1966 1873; x_wconf 88' lang='lat' dir='ltr'>nulla</span> <span class='ocrx_word' id='word_1_84' title='bbox 2008 1800 2247 1873; x_wconf 81' lang='lat' dir='ltr'>defuit</span> <span class='ocrx_word' id='word_1_85' title='bbox 2280 1799 2797 1900; x_wconf 86' lang='lat' dir='ltr'>Archaeologo</span> <span class='ocrx_word' id='word_1_86' title='bbox 2853 1819 3138 1874; x_wconf 87' lang='lat' dir='ltr'>nostro.</span> <span class='ocrx_word' id='word_1_87' title='bbox 3176 1800 3337 1874; x_wconf 83' lang='lat' dir='ltr'>Me·</span> 
     </span>
     <span class='ocr_line' id='line_1_11' title="bbox 248 1934 3337 2035; baseline -0.002 -24"><span class='ocrx_word' id='word_1_88' title='bbox 248 1938 518 2011; x_wconf 89' lang='lat' dir='ltr'>thodus</span> <span class='ocrx_word' id='word_1_89' title='bbox 553 1962 684 2010; x_wconf 83' lang='lat' dir='ltr'>sua</span> <span class='ocrx_word' id='word_1_90' title='bbox 727 1938 915 2011; x_wconf 86' lang='lat' dir='ltr'>adeo</span> <span class='ocrx_word' id='word_1_91' title='bbox 948 1937 1258 2035; x_wconf 87' lang='lat' dir='ltr'>probata</span> <span class='ocrx_word' id='word_1_92' title='bbox 1290 1936 1432 2032; x_wconf 63' lang='lat' dir='ltr'>(uit</span> <span class='ocrx_word' id='word_1_93' title='bbox 1471 1936 1732 2010; x_wconf 88' lang='lat' dir='ltr'>doctae</span> <span class='ocrx_word' id='word_1_94' title='bbox 1756 1938 2120 2033; x_wconf 86' lang='lat' dir='ltr'>Europae,</span> <span class='ocrx_word' id='word_1_95' title='bbox 2160 1952 2244 2007; x_wconf 87' lang='lat' dir='ltr'>ut</span> <span class='ocrx_word' id='word_1_96' title='bbox 2284 1953 2360 2008; x_wconf 88' lang='lat' dir='ltr'>et</span> <span class='ocrx_word' id='word_1_97' title='bbox 2395 1934 2681 2008; x_wconf 88' lang='lat' dir='ltr'>cunctis</span> <span class='ocrx_word' id='word_1_98' title='bbox 2724 1936 3099 2033; x_wconf 81' lang='lat' dir='ltr'>operibus,</span> <span class='ocrx_word' id='word_1_99' title='bbox 3141 1954 3337 2031; x_wconf 84' lang='lat' dir='ltr'>quae</span> 
     </span>
     <span class='ocr_line' id='line_1_12' title="bbox 251 2050 3338 2169; baseline -0.002 -23"><span class='ocrx_word' id='word_1_100' title='bbox 251 2072 343 2146; x_wconf 90' lang='lat' dir='ltr'>de</span> <span class='ocrx_word' id='word_1_101' title='bbox 400 2097 481 2145; x_wconf 84' lang='lat' dir='ltr'>re</span> <span class='ocrx_word' id='word_1_102' title='bbox 531 2069 861 2142; x_wconf 75' lang='lat' dir='ltr'>numeria</span> <span class='ocrx_word' id='word_1_103' title='bbox 903 2070 1458 2168; x_wconf 77' lang='lat' dir='ltr'>publicarentur</span> <span class='ocrx_word' id='word_1_104' title='bbox 1484 2121 1508 2159; x_wconf 89' lang='lat'>,</span> <span class='ocrx_word' id='word_1_105' title='bbox 1545 2062 1633 2142; x_wconf 59' lang='lat' dir='ltr'>et</span> <span class='ocrx_word' id='word_1_106' title='bbox 1661 2068 1977 2167; x_wconf 84' lang='lat' dir='ltr'>singulis.</span> <span class='ocrx_word' id='word_1_107' title='bbox 2007 2067 2283 2140; x_wconf 86' lang='lat' dir='ltr'>Museis</span> <span class='ocrx_word' id='word_1_108' title='bbox 2319 2050 2747 2141; x_wconf 80' lang='lat' dir='ltr'>ordinandis</span> <span class='ocrx_word' id='word_1_109' title='bbox 2772 2062 2986 2142; x_wconf 78' lang='lat' dir='ltr'>basin</span> <span class='ocrx_word' id='word_1_110' title='bbox 3027 2068 3338 2169; x_wconf 86' lang='lat' dir='ltr'>praehe-</span> 
     </span>
     <span class='ocr_line' id='line_1_13' title="bbox 248 2192 3342 2304; baseline -0.002 -27"><span class='ocrx_word' id='word_1_111' title='bbox 248 2220 416 2294; x_wconf 76' lang='lat' dir='ltr'>ret,</span> <span class='ocrx_word' id='word_1_112' title='bbox 459 2231 675 2302; x_wconf 89' lang='lat' dir='ltr'>quam</span> <span class='ocrx_word' id='word_1_113' title='bbox 718 2192 1119 2276; x_wconf 85' lang='lat' dir='ltr'>hodiedum</span> <span class='ocrx_word' id='word_1_114' title='bbox 1160 2204 1512 2304; x_wconf 86' lang='lat' dir='ltr'>praebet,</span> <span class='ocrx_word' id='word_1_115' title='bbox 1554 2226 2005 2303; x_wconf 84' lang='lat' dir='ltr'>semperque</span> <span class='ocrx_word' id='word_1_116' title='bbox 2052 2201 2475 2301; x_wconf 85' lang='lat' dir='ltr'>praebitura</span> <span class='ocrx_word' id='word_1_117' title='bbox 2524 2219 2660 2275; x_wconf 87' lang='lat' dir='ltr'>est.</span> <span class='ocrx_word' id='word_1_118' title='bbox 2709 2202 2906 2303; x_wconf 81' lang='lat' dir='ltr'>Quin</span> <span class='ocrx_word' id='word_1_119' title='bbox 2962 2194 3342 2302; x_wconf 78' lang='lat' dir='ltr'>systemati</span> 
     </span>
     <span class='ocr_line' id='line_1_14' title="bbox 244 2330 3342 2438; baseline -0.001 -27"><span class='ocrx_word' id='word_1_120' title='bbox 244 2337 908 2412; x_wconf 74' lang='lat' dir='ltr'>botanico-Linnei</span> <span class='ocrx_word' id='word_1_121' title='bbox 953 2338 1030 2409; x_wconf 89' lang='lat' dir='ltr'>in</span> <span class='ocrx_word' id='word_1_122' title='bbox 1092 2330 1206 2411; x_wconf 54' lang='lat' dir='ltr'>eo&#39;</span> <span class='ocrx_word' id='word_1_123' title='bbox 1236 2338 1649 2438; x_wconf 84' lang='lat' dir='ltr'>praevalet,</span> <span class='ocrx_word' id='word_1_124' title='bbox 1703 2335 1906 2434; x_wconf 91' lang='lat' dir='ltr'>quod</span> <span class='ocrx_word' id='word_1_125' title='bbox 1965 2337 2190 2423; x_wconf 82' lang='lat' dir='ltr'>nullis</span> <span class='ocrx_word' id='word_1_126' title='bbox 2243 2335 2580 2408; x_wconf 89' lang='lat' dir='ltr'>innititur</span> <span class='ocrx_word' id='word_1_127' title='bbox 2629 2337 3173 2411; x_wconf 76' lang='lat' dir='ltr'>characteribus</span> <span class='ocrx_word' id='word_1_128' title='bbox 3224 2362 3342 2409; x_wconf 90' lang='lat' dir='ltr'>se-</span> 
     </span>
     <span class='ocr_line' id='line_1_15' title="bbox 252 2469 3342 2573; baseline -0.001 -30"><span class='ocrx_word' id='word_1_129' title='bbox 252 2470 625 2544; x_wconf 87' lang='lat' dir='ltr'>cundariis</span> <span class='ocrx_word' id='word_1_130' title='bbox 664 2471 1003 2567; x_wconf 87' lang='lat' dir='ltr'>adeoque</span> <span class='ocrx_word' id='word_1_131' title='bbox 1039 2472 1226 2542; x_wconf 86' lang='lat' dir='ltr'>nulli</span> <span class='ocrx_word' id='word_1_132' title='bbox 1258 2469 1647 2543; x_wconf 83' lang='lat' dir='ltr'>mutationi</span> <span class='ocrx_word' id='word_1_133' title='bbox 1687 2495 2009 2566; x_wconf 86' lang='lat' dir='ltr'>unquam</span> <span class='ocrx_word' id='word_1_134' title='bbox 2049 2469 2366 2542; x_wconf 82' lang='lat' dir='ltr'>obnoxia</span> <span class='ocrx_word' id='word_1_135' title='bbox 2410 2486 2561 2558; x_wconf 85' lang='lat' dir='ltr'>est,</span> <span class='ocrx_word' id='word_1_136' title='bbox 2605 2470 2757 2542; x_wconf 86' lang='lat' dir='ltr'>nisi</span> <span class='ocrx_word' id='word_1_137' title='bbox 2797 2469 3047 2568; x_wconf 83' lang='lat' dir='ltr'>quoad</span> <span class='ocrx_word' id='word_1_138' title='bbox 3088 2471 3342 2573; x_wconf 70' lang='lat' dir='ltr'>singu-</span> 
     </span>
     <span class='ocr_line' id='line_1_16' title="bbox 248 2601 3341 2701; baseline -0.001 -24"><span class='ocrx_word' id='word_1_139' title='bbox 248 2606 363 2677; x_wconf 89' lang='lat' dir='ltr'>los</span> <span class='ocrx_word' id='word_1_140' title='bbox 408 2629 721 2692; x_wconf 89' lang='lat' dir='ltr'>numos,</span> <span class='ocrx_word' id='word_1_141' title='bbox 768 2630 1083 2701; x_wconf 89' lang='lat' dir='ltr'>quorum</span> <span class='ocrx_word' id='word_1_142' title='bbox 1120 2630 1317 2677; x_wconf 84' lang='lat' dir='ltr'>unus</span> <span class='ocrx_word' id='word_1_143' title='bbox 1360 2604 1632 2676; x_wconf 86' lang='lat' dir='ltr'>alterve</span> <span class='ocrx_word' id='word_1_144' title='bbox 1674 2602 1868 2673; x_wconf 87' lang='lat' dir='ltr'>forte</span> <span class='ocrx_word' id='word_1_145' title='bbox 1914 2601 2152 2676; x_wconf 88' lang='lat' dir='ltr'>minus</span> <span class='ocrx_word' id='word_1_146' title='bbox 2194 2602 2335 2674; x_wconf 86' lang='lat' dir='ltr'>rite</span> <span class='ocrx_word' id='word_1_147' title='bbox 2382 2602 2782 2700; x_wconf 84' lang='lat' dir='ltr'>explicatus</span> <span class='ocrx_word' id='word_1_148' title='bbox 2828 2603 3073 2678; x_wconf 87' lang='lat' dir='ltr'>suerit.</span> <span class='ocrx_word' id='word_1_149' title='bbox 3142 2606 3341 2701; x_wconf 85' lang='lat' dir='ltr'>Ergo</span> 
     </span>
     <span class='ocr_line' id='line_1_17' title="bbox 249 2734 3345 2837; baseline -0.001 -24"><span class='ocrx_word' id='word_1_150' title='bbox 249 2737 649 2813; x_wconf 79' lang='lat' dir='ltr'>methodus</span> <span class='ocrx_word' id='word_1_151' title='bbox 679 2737 1131 2812; x_wconf 77' lang='lat' dir='ltr'>Eckheliana</span> <span class='ocrx_word' id='word_1_152' title='bbox 1172 2737 1428 2837; x_wconf 86' lang='lat' dir='ltr'>quoad</span> <span class='ocrx_word' id='word_1_153' title='bbox 1489 2734 1819 2833; x_wconf 86' lang='lat' dir='ltr'>singulos</span> <span class='ocrx_word' id='word_1_154' title='bbox 1871 2761 2133 2809; x_wconf 86' lang='lat' dir='ltr'>numos</span> <span class='ocrx_word' id='word_1_155' title='bbox 2178 2760 2470 2835; x_wconf 84' lang='lat' dir='ltr'>semper</span> <span class='ocrx_word' id='word_1_156' title='bbox 2511 2735 2811 2835; x_wconf 86' lang='lat' dir='ltr'>quidem</span> <span class='ocrx_word' id='word_1_157' title='bbox 2859 2735 3345 2835; x_wconf 83' lang='lat' dir='ltr'>perfectionis</span> 
     </span>
     <span class='ocr_line' id='line_1_18' title="bbox 243 2869 3297 2974; baseline -0.002 -25"><span class='ocrx_word' id='word_1_158' title='bbox 243 2876 539 2974; x_wconf 71' lang='lat' dir='ltr'>patiens</span> <span class='ocrx_word' id='word_1_159' title='bbox 578 2873 721 2945; x_wconf 87' lang='lat' dir='ltr'>erit</span> <span class='ocrx_word' id='word_1_160' title='bbox 741 2927 789 2963; x_wconf 81' lang='lat'>,-</span> <span class='ocrx_word' id='word_1_161' title='bbox 818 2876 952 2947; x_wconf 88' lang='lat' dir='ltr'>sed</span> <span class='ocrx_word' id='word_1_162' title='bbox 990 2889 1418 2947; x_wconf 87' lang='lat' dir='ltr'>constanter</span> <span class='ocrx_word' id='word_1_163' title='bbox 1457 2870 1712 2944; x_wconf 83' lang='lat' dir='ltr'>eadem</span> <span class='ocrx_word' id='word_1_164' title='bbox 1752 2869 2085 2943; x_wconf 84' lang='lat' dir='ltr'>manebit</span> <span class='ocrx_word' id='word_1_165' title='bbox 2125 2897 2289 2945; x_wconf 86' lang='lat' dir='ltr'>cum</span> <span class='ocrx_word' id='word_1_166' title='bbox 2326 2870 2405 2942; x_wconf 90' lang='lat' dir='ltr'>in</span> <span class='ocrx_word' id='word_1_167' title='bbox 2446 2869 2649 2960; x_wconf 83' lang='lat' dir='ltr'>basi,</span> <span class='ocrx_word' id='word_1_168' title='bbox 2696 2888 2853 2943; x_wconf 89' lang='lat' dir='ltr'>tum</span> <span class='ocrx_word' id='word_1_169' title='bbox 2909 2873 2986 2944; x_wconf 91' lang='lat' dir='ltr'>in</span> <span class='ocrx_word' id='word_1_170' title='bbox 3032 2872 3297 2946; x_wconf 84' lang='lat' dir='ltr'>forma.</span> 
     </span>
    </p>

    <p class='ocr_par' dir='ltr' id='par_1_3' title="bbox 246 3005 3351 3369">
     <span class='ocr_line' id='line_1_19' title="bbox 447 3005 3350 3104; baseline -0.002 -22"><span class='ocrx_word' id='word_1_171' title='bbox 447 3010 610 3082; x_wconf 85' lang='lat' dir='ltr'>Jam</span> <span class='ocrx_word' id='word_1_172' title='bbox 653 3005 872 3077; x_wconf 86' lang='lat' dir='ltr'>facile</span> <span class='ocrx_word' id='word_1_173' title='bbox 921 3006 1398 3104; x_wconf 86' lang='lat' dir='ltr'>intelligitur,</span> <span class='ocrx_word' id='word_1_174' title='bbox 1454 3024 1770 3103; x_wconf 85' lang='lat' dir='ltr'>quantos</span> <span class='ocrx_word' id='word_1_175' title='bbox 1823 3005 2174 3079; x_wconf 83' lang='lat' dir='ltr'>scientiae</span> <span class='ocrx_word' id='word_1_176' title='bbox 2217 3006 2603 3078; x_wconf 79' lang='lat' dir='ltr'>thesauros</span> <span class='ocrx_word' id='word_1_177' title='bbox 2644 3006 3067 3104; x_wconf 81' lang='lat' dir='ltr'>complexus</span> <span class='ocrx_word' id='word_1_178' title='bbox 3122 3005 3350 3079; x_wconf 75' lang='lat' dir='ltr'>fuerit</span> 
     </span>
     <span class='ocr_line' id='line_1_20' title="bbox 246 3136 3351 3234; baseline -0.002 -19"><span class='ocrx_word' id='word_1_179' title='bbox 246 3139 546 3215; x_wconf 77' lang='lat' dir='ltr'>animus</span> <span class='ocrx_word' id='word_1_180' title='bbox 582 3136 756 3225; x_wconf 84' lang='lat' dir='ltr'>viri,</span> <span class='ocrx_word' id='word_1_181' title='bbox 809 3137 938 3232; x_wconf 84' lang='lat' dir='ltr'>qui</span> <span class='ocrx_word' id='word_1_182' title='bbox 988 3155 1270 3208; x_wconf 87' lang='lat' dir='ltr'>tantum</span> <span class='ocrx_word' id='word_1_183' title='bbox 1299 3161 1495 3233; x_wconf 80' lang='lat' dir='ltr'>opus</span> <span class='ocrx_word' id='word_1_184' title='bbox 1526 3139 1885 3234; x_wconf 84' lang='lat' dir='ltr'>perficere</span> <span class='ocrx_word' id='word_1_185' title='bbox 1933 3137 2264 3212; x_wconf 86' lang='lat' dir='ltr'>valuerit.</span> <span class='ocrx_word' id='word_1_186' title='bbox 2312 3138 2507 3209; x_wconf 87' lang='lat' dir='ltr'>Hinc</span> <span class='ocrx_word' id='word_1_187' title='bbox 2553 3138 2767 3210; x_wconf 85' lang='lat' dir='ltr'>etiam</span> <span class='ocrx_word' id='word_1_188' title='bbox 2812 3139 3087 3211; x_wconf 90' lang='lat' dir='ltr'>oraculi</span> <span class='ocrx_word' id='word_1_189' title='bbox 3123 3138 3351 3210; x_wconf 86' lang='lat' dir='ltr'>instar</span> 
     </span>
     <span class='ocr_line' id='line_1_21' title="bbox 253 3245 3351 3384; baseline -0.002 -39"><span class='ocrx_word' id='word_1_190' title='bbox 253 3271 442 3362; x_wconf 78' lang='lat' dir='ltr'>fuit,</span> <span class='ocrx_word' id='word_1_191' title='bbox 496 3268 699 3369; x_wconf 85' lang='lat' dir='ltr'>qu‘od</span> <span class='ocrx_word' id='word_1_192' title='bbox 736 3245 1210 3341; x_wconf 80' lang='lat' dir='ltr'>consulerent</span> <span class='ocrx_word' id='word_1_193' title='bbox 1237 3292 1549 3355; x_wconf 86' lang='lat' dir='ltr'>omnes,</span> <span class='ocrx_word' id='word_1_194' title='bbox 1606 3270 2053 3366; x_wconf 85' lang='lat' dir='ltr'>quicumque</span> <span class='ocrx_word' id='word_1_195' title='bbox 2096 3268 2414 3365; x_wconf 83' lang='lat' dir='ltr'>aliquam</span> <span class='ocrx_word' id='word_1_196' title='bbox 2437 3267 2959 3384; x_wconf 76' lang='lat' dir='ltr'>difficultatem</span> <span class='ocrx_word' id='word_1_197' title='bbox 2995 3271 3072 3343; x_wconf 90' lang='lat' dir='ltr'>in</span> <span class='ocrx_word' id='word_1_198' title='bbox 3098 3295 3180 3346; x_wconf 86' lang='lat' dir='ltr'>re</span> <span class='ocrx_word' id='word_1_199' title='bbox 3215 3295 3351 3341; x_wconf 89' lang='lat' dir='ltr'>nu·-</span> 
     </span>
    </p>

    <p class='ocr_par' dir='ltr' id='par_1_4' title="bbox 210 3399 2089 3504">
     <span class='ocr_line' id='line_1_22' title="bbox 210 3399 2089 3504; baseline -0.003 -26"><span class='ocrx_word' id='word_1_200' title='bbox 210 3497 223 3502; x_wconf 19' lang='lat' dir='ltr'>q</span> <span class='ocrx_word' id='word_1_201' title='bbox 255 3405 492 3481; x_wconf 84' lang='lat' dir='ltr'>maria</span> <span class='ocrx_word' id='word_1_202' title='bbox 528 3400 1089 3504; x_wconf 85' lang='lat' dir='ltr'>proponendam</span> <span class='ocrx_word' id='word_1_203' title='bbox 1139 3399 1656 3473; x_wconf 82' lang='lat' dir='ltr'>solvendamve</span> <span class='ocrx_word' id='word_1_204' title='bbox 1702 3400 2089 3473; x_wconf 83' lang='lat' dir='ltr'>haberent.</span> 
     </span>
    </p>

    <p class='ocr_par' dir='ltr' id='par_1_5' title="bbox 252 3532 3390 4169">
     <span class='ocr_line' id='line_1_23' title="bbox 456 3532 3352 3638; baseline 0 -30"><span class='ocrx_word' id='word_1_205' title='bbox 456 3540 667 3638; x_wconf 83' lang='lat' dir='ltr'>Quae</span> <span class='ocrx_word' id='word_1_206' title='bbox 701 3536 1094 3632; x_wconf 87' lang='lat' dir='ltr'>hucusque</span> <span class='ocrx_word' id='word_1_207' title='bbox 1128 3534 1337 3607; x_wconf 86' lang='lat' dir='ltr'>dicta</span> <span class='ocrx_word' id='word_1_208' title='bbox 1377 3550 1593 3620; x_wconf 90' lang='lat' dir='ltr'>sunt,</span> <span class='ocrx_word' id='word_1_209' title='bbox 1638 3532 2061 3624; x_wconf 79' lang='lat' dir='ltr'>sufficient,</span> <span class='ocrx_word' id='word_1_210' title='bbox 2114 3552 2198 3607; x_wconf 90' lang='lat' dir='ltr'>ut</span> <span class='ocrx_word' id='word_1_211' title='bbox 2230 3533 2571 3608; x_wconf 72' lang='lat' dir='ltr'>Echhelii</span> <span class='ocrx_word' id='word_1_212' title='bbox 2601 3560 2755 3636; x_wconf 80' lang='lat' dir='ltr'>qua</span> <span class='ocrx_word' id='word_1_213' title='bbox 2794 3534 2929 3610; x_wconf 84' lang='lat' dir='ltr'>viri</span> <span class='ocrx_word' id='word_1_214' title='bbox 2966 3537 3165 3610; x_wconf 89' lang='lat' dir='ltr'>docti</span> <span class='ocrx_word' id='word_1_215' title='bbox 3205 3563 3352 3610; x_wconf 89' lang='lat' dir='ltr'>me</span> 
     </span>
     <span class='ocr_line' id='line_1_24' title="bbox 252 3667 3353 3770; baseline -0.001 -23"><span class='ocrx_word' id='word_1_216' title='bbox 252 3674 403 3747; x_wconf 85' lang='lat' dir='ltr'>rita</span> <span class='ocrx_word' id='word_1_217' title='bbox 456 3673 536 3744; x_wconf 89' lang='lat' dir='ltr'>iu</span> <span class='ocrx_word' id='word_1_218' title='bbox 591 3669 975 3768; x_wconf 88' lang='lat' dir='ltr'>republica</span> <span class='ocrx_word' id='word_1_219' title='bbox 1039 3667 1359 3741; x_wconf 87' lang='lat' dir='ltr'>literaria</span> <span class='ocrx_word' id='word_1_220' title='bbox 1417 3684 1984 3763; x_wconf 84' lang='lat' dir='ltr'>cognoscantur.</span> <span class='ocrx_word' id='word_1_221' title='bbox 2085 3670 2483 3769; x_wconf 84' lang='lat' dir='ltr'>Superest,</span> <span class='ocrx_word' id='word_1_222' title='bbox 2527 3688 2618 3743; x_wconf 89' lang='lat' dir='ltr'>ut</span> <span class='ocrx_word' id='word_1_223' title='bbox 2678 3698 2914 3770; x_wconf 88' lang='lat' dir='ltr'>pauca</span> <span class='ocrx_word' id='word_1_224' title='bbox 2980 3670 3353 3758; x_wconf 82' lang='lat' dir='ltr'>addamus,</span> 
     </span>
     <span class='ocr_line' id='line_1_25' title="bbox 247 3797 3366 3905; baseline 0 -27"><span class='ocrx_word' id='word_1_225' title='bbox 247 3805 537 3905; x_wconf 81' lang='lat' dir='ltr'>quibus</span> <span class='ocrx_word' id='word_1_226' title='bbox 576 3802 815 3904; x_wconf 88' lang='lat' dir='ltr'>palam</span> <span class='ocrx_word' id='word_1_227' title='bbox 860 3802 1022 3892; x_wconf 87' lang='lat' dir='ltr'>fiat,</span> <span class='ocrx_word' id='word_1_228' title='bbox 1080 3819 1354 3901; x_wconf 86' lang='lat' dir='ltr'>quanta</span> <span class='ocrx_word' id='word_1_229' title='bbox 1396 3802 1671 3875; x_wconf 85' lang='lat' dir='ltr'>fuerit</span> <span class='ocrx_word' id='word_1_230' title='bbox 1642 3802 1759 3872; x_wconf 87' lang='lat' dir='ltr'>in</span> <span class='ocrx_word' id='word_1_231' title='bbox 1806 3802 2101 3876; x_wconf 88' lang='lat' dir='ltr'>homine</span> <span class='ocrx_word' id='word_1_232' title='bbox 2145 3825 2423 3876; x_wconf 80' lang='lat' dir='ltr'>morum</span> <span class='ocrx_word' id='word_1_233' title='bbox 2468 3805 2895 3882; x_wconf 81' lang='lat' dir='ltr'>amabilitaS.</span> <span class='ocrx_word' id='word_1_234' title='bbox 2962 3797 3366 3879; x_wconf 85' lang='lat' dir='ltr'>Pulchrum</span> 
     </span>
     <span class='ocr_line' id='line_1_26' title="bbox 255 3937 3390 4076; baseline 0 -61"><span class='ocrx_word' id='word_1_235' title='bbox 255 3958 422 4030; x_wconf 85' lang='lat' dir='ltr'>est,</span> <span class='ocrx_word' id='word_1_236' title='bbox 466 3964 705 4038; x_wconf 89' lang='lat' dir='ltr'>quem</span> <span class='ocrx_word' id='word_1_237' title='bbox 744 3955 1049 4036; x_wconf 86' lang='lat' dir='ltr'>propter</span> <span class='ocrx_word' id='word_1_238' title='bbox 1110 3937 1391 4034; x_wconf 85' lang='lat' dir='ltr'>ingenii</span> <span class='ocrx_word' id='word_1_239' title='bbox 1443 3937 2020 4062; x_wconf 84' lang='lat' dir='ltr'>magni-tudinem</span> <span class='ocrx_word' id='word_1_240' title='bbox 2062 3939 2485 4029; x_wconf 69' lang='lat' dir='ltr'>admirer-ie,</span> <span class='ocrx_word' id='word_1_241' title='bbox 2538 3941 2855 4017; x_wconf 88' lang='lat' dir='ltr'>eundem</span> <span class='ocrx_word' id='word_1_242' title='bbox 2896 3937 3250 4076; x_wconf 82' lang='lat' dir='ltr'>dignum</span> <span class='ocrx_word' id='word_1_243' title='bbox 3237 3967 3390 4015; x_wconf 66' lang='lat' dir='ltr'>ex-¹</span> 
     </span>
     <span class='ocr_line' id='line_1_27' title="bbox 258 4061 1905 4169; baseline -0.003 -19"><span class='ocrx_word' id='word_1_244' title='bbox 258 4077 605 4161; x_wconf 78' lang='lat' dir='ltr'>sistere,</span> <span class='ocrx_word' id='word_1_245' title='bbox 630 4098 849 4169; x_wconf 88' lang='lat' dir='ltr'>quem</span> <span class='ocrx_word' id='word_1_246' title='bbox 893 4096 1093 4142; x_wconf 89' lang='lat' dir='ltr'>ames</span> <span class='ocrx_word' id='word_1_247' title='bbox 1134 4087 1215 4142; x_wconf 82' lang='lat' dir='ltr'>et</span> <span class='ocrx_word' id='word_1_248' title='bbox 1254 4069 1506 4167; x_wconf 86' lang='lat' dir='ltr'>magni</span> <span class='ocrx_word' id='word_1_249' title='bbox 1543 4061 1905 4147; x_wconf 79' lang='lat' dir='ltr'>aestimes.</span> 
     </span>
    </p>

    <p class='ocr_par' dir='ltr' id='par_1_6' title="bbox 254 4204 3362 4979">
     <span class='ocr_line' id='line_1_28' title="bbox 461 4204 3358 4307; baseline 0 -28"><span class='ocrx_word' id='word_1_250' title='bbox 461 4205 744 4280; x_wconf 63' lang='lat' dir='ltr'>Eclthel</span> <span class='ocrx_word' id='word_1_251' title='bbox 784 4206 1006 4280; x_wconf 90' lang='lat' dir='ltr'>animi</span> <span class='ocrx_word' id='word_1_252' title='bbox 1042 4204 1426 4277; x_wconf 87' lang='lat' dir='ltr'>nobilitate</span> <span class='ocrx_word' id='word_1_253' title='bbox 1468 4229 1624 4276; x_wconf 81' lang='lat' dir='ltr'>non</span> <span class='ocrx_word' id='word_1_254' title='bbox 1658 4206 1895 4279; x_wconf 87' lang='lat' dir='ltr'>minus</span> <span class='ocrx_word' id='word_1_255' title='bbox 1923 4229 2139 4306; x_wconf 88' lang='lat' dir='ltr'>quam</span> <span class='ocrx_word' id='word_1_256' title='bbox 2177 4205 2645 4307; x_wconf 83' lang='lat' dir='ltr'>simplicitate</span> <span class='ocrx_word' id='word_1_257' title='bbox 2671 4224 2747 4281; x_wconf 89' lang='lat' dir='ltr'>et</span> <span class='ocrx_word' id='word_1_258' title='bbox 2775 4205 3201 4280; x_wconf 76' lang='lat' dir='ltr'>sinceritate</span> <span class='ocrx_word' id='word_1_259' title='bbox 3224 4229 3358 4281; x_wconf 82' lang='lat' dir='ltr'>sua</span> 
     </span>
     <span class='ocr_line' id='line_1_29' title="bbox 256 4339 3362 4439; baseline -0.002 -21"><span class='ocrx_word' id='word_1_260' title='bbox 256 4339 637 4418; x_wconf 68' lang='lat' dir='ltr'>excelluit.</span> <span class='ocrx_word' id='word_1_261' title='bbox 691 4341 1151 4413; x_wconf 85' lang='lat' dir='ltr'>Sententiam</span> <span class='ocrx_word' id='word_1_262' title='bbox 1181 4363 1387 4412; x_wconf 87' lang='lat' dir='ltr'>suam</span> <span class='ocrx_word' id='word_1_263' title='bbox 1427 4362 1582 4409; x_wconf 86' lang='lat' dir='ltr'>non</span> <span class='ocrx_word' id='word_1_264' title='bbox 1626 4340 1769 4412; x_wconf 85' lang='lat' dir='ltr'>nisi</span> <span class='ocrx_word' id='word_1_265' title='bbox 1806 4341 2086 4413; x_wconf 88' lang='lat' dir='ltr'>diutina</span> <span class='ocrx_word' id='word_1_266' title='bbox 2117 4341 2710 4414; x_wconf 80' lang='lat' dir='ltr'>consideratione</span> <span class='ocrx_word' id='word_1_267' title='bbox 2734 4359 3167 4414; x_wconf 80' lang='lat' dir='ltr'>maturatam</span> <span class='ocrx_word' id='word_1_268' title='bbox 3183 4362 3362 4439; x_wconf 78' lang='lat' dir='ltr'>pro-</span> 
     </span>
     <span class='ocr_line' id='line_1_30' title="bbox 254 4472 3361 4571; baseline -0.002 -20"><span class='ocrx_word' id='word_1_269' title='bbox 254 4475 461 4564; x_wconf 80' lang='lat' dir='ltr'>tulit,</span> <span class='ocrx_word' id='word_1_270' title='bbox 505 4489 582 4547; x_wconf 88' lang='lat' dir='ltr'>et</span> <span class='ocrx_word' id='word_1_271' title='bbox 612 4498 778 4545; x_wconf 86' lang='lat' dir='ltr'>cum</span> <span class='ocrx_word' id='word_1_272' title='bbox 813 4473 1310 4545; x_wconf 90' lang='lat' dir='ltr'>moderamine</span> <span class='ocrx_word' id='word_1_273' title='bbox 1341 4474 1767 4547; x_wconf 84' lang='lat' dir='ltr'>enuntiavit.</span> <span class='ocrx_word' id='word_1_274' title='bbox 1817 4478 2145 4562; x_wconf 90' lang='lat' dir='ltr'>Errores,</span> <span class='ocrx_word' id='word_1_275' title='bbox 2173 4476 2236 4549; x_wconf 88' lang='lat' dir='ltr'>si</span> <span class='ocrx_word' id='word_1_276' title='bbox 2278 4500 2466 4571; x_wconf 86' lang='lat' dir='ltr'>quos</span> <span class='ocrx_word' id='word_1_277' title='bbox 2496 4474 2947 4562; x_wconf 82' lang='lat' dir='ltr'>incurrisset,</span> <span class='ocrx_word' id='word_1_278' title='bbox 2976 4472 3361 4547; x_wconf 78' lang='lat' dir='ltr'>modestus</span> 
     </span>
     <span class='ocr_line' id='line_1_31' title="bbox 255 4606 3361 4712; baseline -0.001 -27"><span class='ocrx_word' id='word_1_279' title='bbox 255 4609 575 4711; x_wconf 72' lang='lat' dir='ltr'>agnovit</span> <span class='ocrx_word' id='word_1_280' title='bbox 603 4606 1017 4705; x_wconf 87' lang='lat' dir='ltr'>docilisque</span> <span class='ocrx_word' id='word_1_281' title='bbox 1043 4608 1474 4680; x_wconf 84' lang='lat' dir='ltr'>emendavit.</span> <span class='ocrx_word' id='word_1_282' title='bbox 1500 4610 1585 4679; x_wconf 90' lang='lat' dir='ltr'>In</span> <span class='ocrx_word' id='word_1_283' title='bbox 1609 4609 1830 4683; x_wconf 88' lang='lat' dir='ltr'>rebus</span> <span class='ocrx_word' id='word_1_284' title='bbox 1862 4608 2221 4706; x_wconf 86' lang='lat' dir='ltr'>ambiguis</span> <span class='ocrx_word' id='word_1_285' title='bbox 2253 4606 2586 4682; x_wconf 84' lang='lat' dir='ltr'>dubitare</span> <span class='ocrx_word' id='word_1_286' title='bbox 2612 4607 2873 4680; x_wconf 88' lang='lat' dir='ltr'>maluit</span> <span class='ocrx_word' id='word_1_287' title='bbox 2912 4631 3130 4707; x_wconf 85' lang='lat' dir='ltr'>quam</span> <span class='ocrx_word' id='word_1_288' title='bbox 3152 4634 3361 4712; x_wconf 87' lang='lat' dir='ltr'>para·</span> 
     </span>
     <span class='ocr_line' id='line_1_32' title="bbox 266 4740 3360 4844; baseline -0 -26"><span class='ocrx_word' id='word_1_289' title='bbox 266 4745 465 4818; x_wconf 79' lang='lat' dir='ltr'>doxa</span> <span class='ocrx_word' id='word_1_290' title='bbox 487 4741 864 4841; x_wconf 87' lang='lat' dir='ltr'>prosequi.</span> <span class='ocrx_word' id='word_1_291' title='bbox 909 4740 1112 4815; x_wconf 84' lang='lat' dir='ltr'>Nihil</span> <span class='ocrx_word' id='word_1_292' title='bbox 1136 4742 1276 4813; x_wconf 86' lang='lat' dir='ltr'>nisi</span> <span class='ocrx_word' id='word_1_293' title='bbox 1306 4770 1552 4816; x_wconf 85' lang='lat' dir='ltr'>verum</span> <span class='ocrx_word' id='word_1_294' title='bbox 1578 4744 1980 4844; x_wconf 86' lang='lat' dir='ltr'>requisivit.</span> <span class='ocrx_word' id='word_1_295' title='bbox 2032 4746 2118 4815; x_wconf 92' lang='lat' dir='ltr'>In</span> <span class='ocrx_word' id='word_1_296' title='bbox 2157 4742 2474 4816; x_wconf 84' lang='lat' dir='ltr'>amicitia</span> <span class='ocrx_word' id='word_1_297' title='bbox 2501 4742 2881 4843; x_wconf 86' lang='lat' dir='ltr'>jungenda</span> <span class='ocrx_word' id='word_1_298' title='bbox 2923 4769 3077 4816; x_wconf 84' lang='lat' dir='ltr'>non</span> <span class='ocrx_word' id='word_1_299' title='bbox 3117 4771 3360 4844; x_wconf 83' lang='lat' dir='ltr'>prom-</span> 
     </span>
     <span class='ocr_line' id='line_1_33' title="bbox 263 4850 3310 4979; baseline -0 -29"><span class='ocrx_word' id='word_1_300' title='bbox 263 4893 487 4979; x_wconf 79' lang='lat' dir='ltr'>ptus,</span> <span class='ocrx_word' id='word_1_301' title='bbox 539 4892 652 4951; x_wconf 83' lang='lat' dir='ltr'>ast</span> <span class='ocrx_word' id='word_1_302' title='bbox 687 4873 935 4949; x_wconf 87' lang='lat' dir='ltr'>firmus</span> <span class='ocrx_word' id='word_1_303' title='bbox 978 4892 1059 4950; x_wconf 86' lang='lat' dir='ltr'>et</span> <span class='ocrx_word' id='word_1_304' title='bbox 1105 4895 1450 4952; x_wconf 86' lang='lat' dir='ltr'>constans</span> <span class='ocrx_word' id='word_1_305' title='bbox 1498 4878 1661 4953; x_wconf 84' lang='lat' dir='ltr'>fuit.</span> <span class='ocrx_word' id='word_1_306' title='bbox 1714 4878 1999 4953; x_wconf 82' lang='lat' dir='ltr'>Patriae</span> <span class='ocrx_word' id='word_1_307' title='bbox 2046 4877 2581 4951; x_wconf 85' lang='lat' dir='ltr'>amantissimus</span> <span class='ocrx_word' id='word_1_308' title='bbox 2623 4895 2701 4951; x_wconf 86' lang='lat' dir='ltr'>et</span> <span class='ocrx_word' id='word_1_309' title='bbox 2745 4850 3310 4954; x_wconf 79' lang='lat' dir='ltr'>addictissimus.</span> 
     </span>
    </p>
   </div>
  </div>
 </body>
</html>
