4388 5576
1028 439 1032 443 ἢ
1151 482 1240 548 58
1318 473 1334 487 ·
2337 446 3037 525 MAXENTIVS.

1142 645 1313 711 infra
1374 644 1465 707 in·
1506 633 2303 707 CONSERVATORES.
2363 636 2634 700 KAR'r.

1146 747 1407 816 SVAE:
1481 738 1717 838 ‘Quam
1760 739 2072 804 atrociter
2112 756 2276 803 vero
2321 736 2635 821 deinceps

1144 869 1288 914 eam
1325 845 1701 921 vexaverit,
1740 840 2134 904 diximussad
2165 860 2401 903 annum
2441 838 2633 907 V.‘c.

1055 1000 1061 1007 .
1150 950 1334 1026 1064.
1381 950 1566 1010 Sitne
1603 947 1875 1022 animal,
1922 942 2098 1028 quod
2132 943 2374 1007 mulier
2407 942 2636 1018 calcat,

1143 1075 1304 1131 vere
1332 1050 1743 1125 crocodilus,
1778 1047 1939 1110 licet
1966 1044 2137 1108 istud
2167 1046 2447 1108 testetur
2469 1047 2637 1109 Ban-

1141 1156 1406 1231 durius,
1467 1152 1756 1225 veniam,
1820 1149 1874 1210 si
1914 1147 2240 1225 dubitem,
2302 1147 2634 1211 merebor.

1144 1257 1533 1329 Crocodilus
1588 1273 1998 1336 nequaquam
2055 1252 2317 1315 Africae
2379 1249 2634 1333 symbo-

1141 1363 1279 1423 lum
1345 1359 1501 1436 fuit,
1577 1354 1695 1417 sed
1756 1354 2076 1437 Aegypti,
2139 1373 2342 1438 quae,
2404 1365 2630 1436 utpote

1136 1464 1217 1533 in¹
1264 1461 1601 1525 Maximini
1673 1471 2025 1542 potestate,
2086 1456 2167 1519 ad
2226 1458 2632 1517 Maxentium

1138 1584 1466 1647 nunquam
1504 1562 1836 1648 pert-inuit.
1887 1560 2097 1641 Supra
2122 1560 2194 1620 in
2229 1556 2445 1619 numia
2476 1559 2634 1629 Dio-

1134 1667 1401 1730 oletiani
1491 1663 1861 1747 inscriptis:
1955 1660 2151 1722 FEL.
2237 1660 2628 1726 ADVENT.

1132 1768 1340 1836 AVG.
1400 1786 1523 1850 pro
1582 1766 1861 1851 pedibus
1916 1763 2179 1827 Africae
2240 1762 2504 1827 leonem
2564 1776 2632 1825 et

1132 1888 1393 1936 taurum
1453 1870 1753 1936 vidimus.
1830 1869 2082 1931 Auctor
2141 1867 2355 1929 musei
2413 1867 2630 1929 Theu-

1126 1973 1308 2060 poli',
1385 1992 1531 2037 cum
1603 1972 1886 2042 similem
1951 1991 2221 2032 numum
2295 1969 2627 2045 describit,

1137 2075 1329 2159 quale
1377 2073 1552 2139 istud
1605 2089 1780 2139 esset
1823 2073 2095 2152 animal,
2157 2069 2436 2136 definire
2497 2091 2627 2135 non

1139 2191 1240 2242 est
1280 2200 1494 2242 ausus.
1744 2252 1769 2263 l

1695 2326 1735 2364 αι
1861 2281 1900 2321 ’”
2003 2320 2065 2364 ¹*

1417 2387 1659 2449 Amica
1695 2389 1904 2448 varia.

1137 2488 1575 2556 CONSERV.
1650 2491 1757 2552 vel
1820 2480 2625 2552 CONSERVATORES.

998 2622 1013 2640 *
1133 2594 1334 2660 VRB.
1378 2590 1639 2658 SVAE.
1680 2600 1796 2652 etc.

1266 2694 1477 2768 Vide,
1518 2713 1687 2777 quae
1734 2691 1816 2756 ad
1859 2711 2091 2753 numos
2137 2690 2233 2754 sic
2278 2686 2624 2770 inscriptos

1132 2796 1511 2862 Maximiani
1542 2795 1844 2859 Herculii
1885 2807 2033 2878 post
2071 2805 2477 2877 resumptum
2509 2791 2630 2852 im·

1129 2901 1389 2985 perium
1464 2898 1907 2963 disseruimus.
1997 2896 2295 2957 Similem
2362 2891 2628 2959 maximi

1126 3001 1383 3064 moduli
1428 3021 1511 3065 ex
1551 3014 1828 3085 argento
1871 3018 2040 3085 puro
2100 2998 2310 3061 edidit
2350 2997 2630 3061 Pelleri·
2711 3069 2724 3081 ·

1132 3103 1301 3176 nius.
1349 3103 1539 3187 (Mel.
1576 3109 1626 3171 Ι.
1662 3127 1727 3189 p.
1769 3105 1939 3192 191.)

1692 3251 1733 3291 o
1858 3204 1899 3245 ⁴⁵
2023 3251 2063 3291 s

1422 3317 1507 3376 Vt
1548 3315 1643 3375 ut.
1680 3315 1762 3374 A.

1133 3406 1931 3482 CONSERVATORES.
2014 3412 2283 3476 KART.
2368 3410 2620 3475 SVAE.

1135 3524 1457 3601 Templum
1485 3538 1602 3582 sex
1629 3520 2067 3578 columnarum
2083 3559 2100 3590 ,
2146 3517 2218 3576 in
2246 3535 2370 3598 quo
2396 3519 2625 3577 mulier

1128 3635 1309 3685 stans
1346 3632 1615 3703 utraque
1659 3640 1857 3681 manu
1898 3639 2188 3699 expansa
2234 3637 2482 3678 ramum
2523 3619 2630 3678 vel

1117 3728 1376 3804 fructus
1419 3732 1605 3784 tenet.
1696 3719 1833 3781 ΑΕ.
1870 3720 1948 3780 II.
1996 3720 2194 3799 (Mus.
2235 3718 2453 3798 Caes.)

1253 3824 1613 3902 Perperam
1672 3819 1917 3882 adserit
1974 3818 2380 3893 Bandurius‚
2458 3819 2621 3881 duos

1123 3924 1489 4010 principes,
1596 3941 1757 4006 quos
1854 3920 2037 3984 velut
2121 3932 2620 3984 conservatores

1128 4027 1456 4108 Carthago
1507 4023 1866 4107 praedicat,
1933 4021 2333 4083 Maxentium
2376 4035 2442 4083 et
2485 4023 2620 4108 Ma·

1125 4129 1481 4193 ximianum
1529 4125 1763 4190 videri.
1828 4127 1913 4187 At
1963 4144 2121 4187 vero
2173 4123 2439 4185 dubium
2485 4144 2618 4187 non
2659 4181 2668 4188 .

1123 4245 1256 4308 est,
1318 4230 1577 4291 titulum
1621 4230 1795 4291 hunc
1850 4227 1926 4288 ad
1976 4227 2306 4310 principes
2352 4228 2616 4291 omnino

1117 4349 1258 4398 tres
1293 4334 1663 4416 pertinere,
1707 4331 2170 4393 Maximianum
2204 4331 2615 4406 Herculium,

1121 4437 1695 4510 Maxentium‚*et
1755 4436 2280 4510 Constantinum,
2348 4455 2496 4499 cum
2560 4435 2630 4496 is>

1113 4543 1183 4606 in
1219 4539 1507 4604 omnium
1544 4540 1781 4603 horum
1814 4532 2028 4631 numia
2062 4537 2338 4602 seorsim
2381 4549 2614 4600 exstet.

2750 636 2855 700 Ex
2912 634 3017 698 bis
3081 654 3245 722 ergo
3307 637 3519 700 numia
3592 636 3829 702 intime
3899 638 4208 724 probatur,

2749 738 3040 802 Africam
3092 752 3159 803 et
3192 739 3651 824 Carthaginem
3684 744 4064 806 Maximiano
4106 745 4211 808 ite·

2750 857 2901 905 rum
2946 843 3276 924 Augusto,
3338 857 3405 907 et
3440 844 3579 928 ejus
3615 844 3753 907 filio
3796 847 4111 910 Maxentio
4151 844 4210 909 in

2749 943 2970 1008 locum
3014 945 3284 1020 Severi,
3330 947 3432 1009 cui
3472 945 3826 1009 destinatae
3865 947 4075 1024 fuere,
4116 949 4211 1010 ad·

2748 1046 3076 1125 haesisse,
3134 1046 3339 1111 credo
3381 1062 3657 1131 propter
3702 1049 4070 1113 memoriam
4112 1050 4210 1113 be·

2746 1147 3135 1213 neficiorum
3172 1150 3251 1213 ab
3284 1150 3404 1213 illo
3439 1153 3589 1213 huic
3631 1151 3997 1232 provinciae
4030 1154 4209 1235 impe·

2747 1267 2932 1315 rante
2988 1251 3199 1316 adhuc
3244 1254 3657 1316 Diocletiano
3716 1256 3982 1317 testibus
4033 1256 4204 1317 etiam

2746 1356 2960 1419 numis
3004 1357 3489 1441 impensorum,
3536 1358 3600 1417 in
3650 1357 3920 1440 ejusque
3964 1357 4206 1420 honoris

2746 1472 2997 1542 partem
3077 1473 3374 1523 vocatum
3455 1460 3647 1522 etiam
3723 1459 4204 1533 Constantinum,

2749 1561 2932 1644 cujus
2975 1562 3318 1623 amicitiam
3359 1562 3562 1623 re'bus
3610 1561 3742 1623 suis
3801 1561 4205 1624 necessariam

2748 1663 3020 1727 duxere.
3068 1663 3290 1755 Quare
3328 1684 3472 1725 cum
3509 1685 3703 1747 supra
3737 1685 3822 1725 ex
3863 1665 4059 1726 numis
4089 1666 4208 1726 Ma·

2746 1767 2950 1829 xentii
3005 1766 3216 1828 adhuc
3269 1767 3561 1831 Caesaris
3614 1769 4001 1841 viderimus,
4055 1764 4205 1827 Afri·

2727 1889 2887 1932 tam
2925 1889 3072 1931 sese
3099 1890 3268 1933 mox
3306 1869 3445 1949 ejus
3484 1868 3779 1952 partibus
3825 1869 4203 1955 adplicuisse,

2746 1973 3115 2056 eodemque
3169 1993 3309 2034 eam
3356 1973 3572 2034 animo
3617 1971 3821 2055 fuisse
3861 1973 3929 2032 in
3973 1985 4201 2057 patrem

2743 2074 2825 2137 ad
2851 2075 3200 2156 imperium
3231 2095 3574 2139 reversum
3596 2119 3610 2148 ‚
3646 2088 3901 2136 certum
3934 2089 4054 2147 est,
4089 2076 4202 2134 Ma·

2742 2177 3034 2241 xentium
3078 2197 3483 2262 nequaquam
3540 2176 3808 2238 demum
3855 2190 3998 2261 post
4028 2176 4200 2259 patris

2741 2294 3056 2357 mortem,
3132 2294 3200 2343 et
3259 2281 3500 2343 victum
3565 2279 3835 2341 Africae
3897 2294 4200 2361 tyrannum

2737 2380 3186 2450 Alexandrum
3232 2402 3372 2444 eam
3424 2381 3547 2444 sibi
3584 2381 3985 2464 provinciam
4021 2379 4202 2461 subje-

2741 2487 2944 2561 cisse,
2992 2498 3063 2548 ut
3100 2486 3421 2570 aliquibus
3461 2505 3541 2546 ex
3578 2483 3779 2545 dubia
3820 2482 4051 2547 Zosimi
4078 2502 4198 2544 nar·

2740 2588 2993 2651 ratione
3053 2587 3502 2664 intellectum,
3569 2584 3690 2648 sed
3760 2587 3884 2668 jam
3944 2586 4119 2648 etiam
4169 2606 4199 2645 a

2744 2690 3172 2752 Tillemontio
3226 2687 3627 2772 argumentis
3676 2683 3770 2777 ab
3814 2688 4066 2752 historia
4103 2705 4199 2771 pe·

2741 2793 2875 2857 titis
2916 2792 3260 2880 praeclare
3301 2787 3714 2857 confutatum
3761 2806 3860 2856 est
3886 2795 3966 2876 Ι).

3306 2967 3513 3058 *ὁ*
3654 3010 3702 3048 ι·

2737 3108 3512 3270 ΜΑΉΤῙῗιΙζίΙῖΔΟΑέΑῦ.
3602 3207 3782 3268 [ΜΡ.
3875 3203 4056 3273 Ave.
4128 3201 4195 3262 N.

2743 3312 2923 3371 Mars
2958 3312 3315 3391 paludatus
3361 3322 3542 3372 stans
3587 3332 3640 3371 s.
3696 3315 3974 3385 hastam,
4013 3309 4197 3367 dexte·

2741 3432 2883 3472 ram
2908 3415 3139 3492 junqi!
3182 3433 3324 3475 cum
3377 3412 3673 3474 multare
3697 3417 4017 3486 adstante,
4058 3411 4198 3468 inter

2736 3523 3072 3597 utrumqne
3142 3519 3299 3595 lupa
3360 3516 3669 3596 gemellos
3731 3519 3998 3578 lactum.
4078 3505 4194 3570 AR·

2741 3615 2938 3694 (Mus.
2973 3618 3230 3695 Caes..)

3028 3724 3112 3782 Vt
3151 3722 3247 3780 lit.
3284 3722 3369 3782 Α.
3530 3768 3541 3783 .

2735 3819 3136 3883 PRINCIPI.
3184 3820 3545 3885 IMPERII.
3588 3818 3963 3883 ROMANI.
4040 3819 4197 3879 Mars

2732 3929 3033 4006 yaleatuc
3056 3927 3364 4004 qradaeens
3396 3930 3459 3986 d.
3492 3928 3778 3999 hastam,
3822 3946 3871 3986 s.
3906 3935 4196 4001 tropaeum

2735 4046 2921 4105 svper
2963 4031 3237 4089 humero.
3326 4024 3470 4090 AV.
3519 4026 3845 4109 (Theup.)

2862 4131 3043 4189 Mars
3096 4138 3496 4209 propaqator
3555 4132 3845 4207 imper-if,
3920 4137 3984 4187 et
4042 4117 4196 4181 idem

2731 4233 3034 4309 Prenceps
3065 4234 3320 4308 imperii
3351 4233 3626 4292 Romani
3654 4248 3823 4290 nova
3861 4237 4001 4289 sunt
4030 4221 4195 4303 hujus

2733 4330 2844 4392 dei
2893 4331 3140 4415 elogia,
3189 4351 3352 4415 quae
3388 4330 3704 4394 Maxentii
3746 4329 4072 4415 ingenium
4106 4320 4198 4387 ad·

2729 4434 3005 4500 invenit.

3024 4544 3108 4602 Vt
3148 4540 3246 4602 lit.
3284 4541 3368 4601 A·
3412 4549 3476 4600 et
3518 4539 3592 4599 D.

1137 4668 4188 4709 ——'——————————-——-——--———-——————————--—

1156 4753 1252 4828 Os)
1291 4749 1443 4810 Nota
1480 4750 1673 4811 XXII.
1716 4750 1778 4819 in
1817 4751 2186 4810 Constantia.
