<?xml version="1.0" encoding="UTF-8"?>
<!DOCTYPE html PUBLIC "-//W3C//DTD XHTML 1.0 Transitional//EN"
    "http://www.w3.org/TR/xhtml1/DTD/xhtml1-transitional.dtd">
<html xmlns="http://www.w3.org/1999/xhtml" xml:lang="en" lang="en">
 <head>
  <title>
</title>
<meta http-equiv="Content-Type" content="text/html;charset=utf-8" />
  <meta name='ocr-system' content='tesseract 3.04.00' />
  <meta name='ocr-capabilities' content='ocr_page ocr_carea ocr_par ocr_line ocrx_word'/>
</head>
<body>
  <div class='ocr_page' id='page_1' title='image "./doctrinanumorum04hohlgoog/doctrinanumorum04hohlgoog_0416.png"; bbox 0 0 4388 5576; ppageno 0'>
   <div class='ocr_carea' id='block_1_1' title="bbox 1038 509 1181 602">
    <p class='ocr_par' dir='ltr' id='par_1_1' title="bbox 1038 509 1181 602">
     <span class='ocr_line' id='line_1_1' title="bbox 1038 509 1181 602; baseline 0 -14"><span class='ocrx_word' id='word_1_1' title='bbox 1038 509 1181 602; x_wconf 76' lang='lat'><em>:596</em></span> 
     </span>
    </p>
   </div>
   <div class='ocr_carea' id='block_1_2' title="bbox 1033 678 2536 1178">
    <p class='ocr_par' dir='ltr' id='par_1_2' title="bbox 1033 678 2536 1178">
     <span class='ocr_line' id='line_1_2' title="bbox 1040 678 2536 767; baseline -0.005 -15"><span class='ocrx_word' id='word_1_2' title='bbox 1040 688 1286 763; x_wconf 90' lang='lat' dir='ltr'><strong>bentis,</strong></span> <span class='ocrx_word' id='word_1_3' title='bbox 1331 707 1368 750; x_wconf 93' lang='lat' dir='ltr'><strong>a</strong></span> <span class='ocrx_word' id='word_1_4' title='bbox 1401 680 1805 767; x_wconf 82' lang='lat' dir='ltr'><strong>principibus</strong></span> <span class='ocrx_word' id='word_1_5' title='bbox 1841 678 2202 746; x_wconf 81' lang='lat' dir='ltr'><strong>secundum</strong></span> <span class='ocrx_word' id='word_1_6' title='bbox 2233 680 2383 745; x_wconf 86' lang='lat' dir='ltr'><strong>trib.</strong></span> <span class='ocrx_word' id='word_1_7' title='bbox 2421 699 2536 765; x_wconf 85' lang='lat' dir='ltr'><strong>po-</strong></span> 
     </span>
     <span class='ocr_line' id='line_1_3' title="bbox 1036 783 2535 876; baseline -0.009 -20"><span class='ocrx_word' id='word_1_8' title='bbox 1036 804 1341 876; x_wconf 72' lang='lat' dir='ltr'><strong>testatem</strong></span> <span class='ocrx_word' id='word_1_9' title='bbox 1372 786 1633 870; x_wconf 86' lang='lat' dir='ltr'><strong>imperii</strong></span> <span class='ocrx_word' id='word_1_10' title='bbox 1664 805 1925 871; x_wconf 87' lang='lat' dir='ltr'><strong>quoque</strong></span> <span class='ocrx_word' id='word_1_11' title='bbox 1959 783 2392 848; x_wconf 68' lang='lat' dir='ltr'><strong>succedentes</strong></span> <span class='ocrx_word' id='word_1_12' title='bbox 2427 804 2535 845; x_wconf 89' lang='lat' dir='ltr'><strong>an·</strong></span> 
     </span>
     <span class='ocr_line' id='line_1_4' title="bbox 1033 883 2535 981; baseline -0.007 -24"><span class='ocrx_word' id='word_1_13' title='bbox 1033 913 1159 957; x_wconf 80' lang='lat' dir='ltr'><strong>uos</strong></span> <span class='ocrx_word' id='word_1_14' title='bbox 1218 891 1423 954; x_wconf 83' lang='lat' dir='ltr'><strong>fuisse</strong></span> <span class='ocrx_word' id='word_1_15' title='bbox 1485 901 1887 953; x_wconf 84' lang='lat' dir='ltr'><strong>numeratos.</strong></span> <span class='ocrx_word' id='word_1_16' title='bbox 1990 883 2189 981; x_wconf 77' lang='lat' dir='ltr'><strong>Quod</strong></span> <span class='ocrx_word' id='word_1_17' title='bbox 2253 886 2535 950; x_wconf 87' lang='lat' dir='ltr'><strong>alterum</strong></span> 
     </span>
     <span class='ocr_line' id='line_1_5' title="bbox 1033 990 2533 1076; baseline -0.007 -16"><span class='ocrx_word' id='word_1_18' title='bbox 1033 1008 1170 1072; x_wconf 83' lang='lat' dir='ltr'><strong>est,</strong></span> <span class='ocrx_word' id='word_1_19' title='bbox 1234 990 1499 1076; x_wconf 83' lang='lat' dir='ltr'><strong>copiosa</strong></span> <span class='ocrx_word' id='word_1_20' title='bbox 1542 993 1738 1054; x_wconf 79' lang='lat' dir='ltr'><strong>etiam</strong></span> <span class='ocrx_word' id='word_1_21' title='bbox 1783 1004 2040 1055; x_wconf 79' lang='lat' dir='ltr'><strong>&#39;exstant</strong></span> <span class='ocrx_word' id='word_1_22' title='bbox 2091 1000 2533 1067; x_wconf 87' lang='lat' dir='ltr'><strong>monumenta,</strong></span> 
     </span>
     <span class='ocr_line' id='line_1_6' title="bbox 1041 1091 2536 1178; baseline -0.004 -16"><span class='ocrx_word' id='word_1_23' title='bbox 1041 1115 1128 1162; x_wconf 76' lang='lat' dir='ltr'><strong>ex</strong></span> <span class='ocrx_word' id='word_1_24' title='bbox 1171 1114 1450 1178; x_wconf 85' lang='lat' dir='ltr'><strong>quorum</strong></span> <span class='ocrx_word' id='word_1_25' title='bbox 1495 1093 1902 1178; x_wconf 85' lang='lat' dir='ltr'><strong>praescripto</strong></span> <span class='ocrx_word' id='word_1_26' title='bbox 1936 1091 2085 1154; x_wconf 89' lang='lat' dir='ltr'><strong>trib.</strong></span> <span class='ocrx_word' id='word_1_27' title='bbox 2120 1104 2406 1175; x_wconf 77' lang='lat' dir='ltr'><strong>potestas</strong></span> <span class='ocrx_word' id='word_1_28' title='bbox 2443 1091 2536 1156; x_wconf 85' lang='lat' dir='ltr'><strong>sio</strong></span> 
     </span>
    </p>
   </div>
   <div class='ocr_carea' id='block_1_3' title="bbox 1036 1191 2539 1278">
    <p class='ocr_par' dir='ltr' id='par_1_3' title="bbox 1036 1191 2539 1278">
     <span class='ocr_line' id='line_1_7' title="bbox 1036 1191 2539 1278; baseline -0.004 -16"><span class='ocrx_word' id='word_1_29' title='bbox 1036 1198 1373 1262; x_wconf 85' lang='lat' dir='ltr'><strong>numerari</strong></span> <span class='ocrx_word' id='word_1_30' title='bbox 1408 1194 1607 1258; x_wconf 85' lang='lat' dir='ltr'><strong>debet</strong></span> <span class='ocrx_word' id='word_1_31' title='bbox 1630 1239 1648 1273; x_wconf 87' lang='lat'><strong>,</strong></span> <span class='ocrx_word' id='word_1_32' title='bbox 1693 1208 1764 1259; x_wconf 90' lang='lat' dir='ltr'><strong>ut</strong></span> <span class='ocrx_word' id='word_1_33' title='bbox 1801 1195 1943 1278; x_wconf 88' lang='lat' dir='ltr'><strong>ejus</strong></span> <span class='ocrx_word' id='word_1_34' title='bbox 1980 1191 2242 1256; x_wconf 80' lang='lat' dir='ltr'><strong>iteratio</strong></span> <span class='ocrx_word' id='word_1_35' title='bbox 2283 1213 2365 1256; x_wconf 86' lang='lat' dir='ltr'><strong>eo</strong></span> <span class='ocrx_word' id='word_1_36' title='bbox 2399 1212 2539 1256; x_wconf 88' lang='lat' dir='ltr'><strong>mo-</strong></span> 
     </span>
    </p>
   </div>
   <div class='ocr_carea' id='block_1_4' title="bbox 1016 1293 2536 1383">
    <p class='ocr_par' dir='ltr' id='par_1_4' title="bbox 1016 1293 2536 1383">
     <span class='ocr_line' id='line_1_8' title="bbox 1016 1293 2536 1383; baseline -0.004 -19"><span class='ocrx_word' id='word_1_37' title='bbox 1016 1300 1158 1379; x_wconf 72' lang='lat' dir='ltr'><strong>do,</strong></span> <span class='ocrx_word' id='word_1_38' title='bbox 1222 1319 1351 1383; x_wconf 88' lang='lat' dir='ltr'><strong>quo</strong></span> <span class='ocrx_word' id='word_1_39' title='bbox 1398 1297 1571 1375; x_wconf 84' lang='lat' dir='ltr'><strong>dixi,</strong></span> <span class='ocrx_word' id='word_1_40' title='bbox 1626 1316 1868 1380; x_wconf 81' lang='lat' dir='ltr'><strong>nempe</strong></span> <span class='ocrx_word' id='word_1_41' title='bbox 1914 1317 1948 1358; x_wconf 90' lang='lat' dir='ltr'><strong>a</strong></span> <span class='ocrx_word' id='word_1_42' title='bbox 1995 1293 2103 1357; x_wconf 80' lang='lat' dir='ltr'><strong>die</strong></span> <span class='ocrx_word' id='word_1_43' title='bbox 2147 1295 2291 1380; x_wconf 87' lang='lat' dir='ltr'><strong>ejus</strong></span> <span class='ocrx_word' id='word_1_44' title='bbox 2336 1295 2536 1360; x_wconf 77' lang='lat' dir='ltr'><strong>colla-</strong></span> 
     </span>
    </p>
   </div>
   <div class='ocr_carea' id='block_1_5' title="bbox 931 1399 2536 1481">
    <p class='ocr_par' dir='ltr' id='par_1_5' title="bbox 931 1399 2536 1481">
     <span class='ocr_line' id='line_1_9' title="bbox 931 1399 2536 1481; baseline -0.004 -15"><span class='ocrx_word' id='word_1_45' title='bbox 931 1436 941 1444; x_wconf 91' lang='lat'><strong>·</strong></span> <span class='ocrx_word' id='word_1_46' title='bbox 1012 1415 1145 1467; x_wconf 77' lang='lat' dir='ltr'><strong>&#39;tae</strong></span> <span class='ocrx_word' id='word_1_47' title='bbox 1192 1403 1488 1465; x_wconf 84' lang='lat' dir='ltr'><strong>ducatur.</strong></span> <span class='ocrx_word' id='word_1_48' title='bbox 1528 1401 1618 1461; x_wconf 87' lang='lat' dir='ltr'><strong>Et</strong></span> <span class='ocrx_word' id='word_1_49' title='bbox 1659 1399 2140 1481; x_wconf 75' lang='lat' dir='ltr'>acquievissent</span> <span class='ocrx_word' id='word_1_50' title='bbox 2173 1418 2341 1468; x_wconf 65' lang='lat' dir='ltr'><strong>⁴sanc</strong></span> <span class='ocrx_word' id='word_1_51' title='bbox 2386 1417 2536 1460; x_wconf 84' lang='lat' dir='ltr'><strong>eru·</strong></span> 
     </span>
    </p>
   </div>
   <div class='ocr_carea' id='block_1_6' title="bbox 1030 1501 2537 1999">
    <p class='ocr_par' dir='ltr' id='par_1_6' title="bbox 1030 1501 2537 1999">
     <span class='ocr_line' id='line_1_10' title="bbox 1037 1501 2537 1588; baseline -0.007 -19"><span class='ocrx_word' id='word_1_52' title='bbox 1037 1507 1329 1570; x_wconf 75' lang='lat' dir='ltr'><strong>diturum</strong></span> <span class='ocrx_word' id='word_1_53' title='bbox 1386 1501 1689 1584; x_wconf 82' lang='lat' dir='ltr'><strong>conlegia</strong></span> <span class='ocrx_word' id='word_1_54' title='bbox 1732 1502 1806 1562; x_wconf 84' lang='lat' dir='ltr'><strong>-in</strong></span> <span class='ocrx_word' id='word_1_55' title='bbox 1865 1501 1988 1563; x_wconf 87' lang='lat' dir='ltr'><strong>hac</strong></span> <span class='ocrx_word' id='word_1_56' title='bbox 2032 1501 2330 1588; x_wconf 81' lang='lat' dir='ltr'><strong>Panvinii</strong></span> <span class='ocrx_word' id='word_1_57' title='bbox 2388 1520 2537 1562; x_wconf 84' lang='lat' dir='ltr'><strong>sen·</strong></span> 
     </span>
     <span class='ocr_line' id='line_1_11' title="bbox 1037 1591 2533 1685; baseline -0.005 -12"><span class='ocrx_word' id='word_1_58' title='bbox 1037 1609 1275 1685; x_wconf 87' lang='lat' dir='ltr'><strong>tentia,</strong></span> <span class='ocrx_word' id='word_1_59' title='bbox 1333 1604 1460 1667; x_wconf 87' lang='lat' dir='ltr'><strong>nisi</strong></span> <span class='ocrx_word' id='word_1_60' title='bbox 1512 1624 1703 1669; x_wconf 88' lang='lat' dir='ltr'><strong>causa</strong></span> <span class='ocrx_word' id='word_1_61' title='bbox 1747 1591 2012 1685; x_wconf 59' lang='lat' dir='ltr'><strong>gravis,</strong></span> <span class='ocrx_word' id='word_1_62' title='bbox 2058 1622 2134 1666; x_wconf 91' lang='lat' dir='ltr'><strong>ac</strong></span> <span class='ocrx_word' id='word_1_63' title='bbox 2177 1601 2533 1665; x_wconf 85' lang='lat' dir='ltr'><strong>solida·re-</strong></span> 
     </span>
     <span class='ocr_line' id='line_1_12' title="bbox 1030 1702 2534 1794; baseline -0.005 -19"><span class='ocrx_word' id='word_1_64' title='bbox 1030 1711 1293 1794; x_wconf 88' lang='lat' dir='ltr'><strong>spicere</strong></span> <span class='ocrx_word' id='word_1_65' title='bbox 1345 1706 1539 1772; x_wconf 81' lang='lat' dir='ltr'><strong>aliam</strong></span> <span class='ocrx_word' id='word_1_66' title='bbox 1584 1705 1696 1772; x_wconf 61' lang='lat' dir='ltr'><strong>vel</strong></span> <span class='ocrx_word' id='word_1_67' title='bbox 1737 1704 1974 1788; x_wconf 83' lang='lat' dir='ltr'><strong>invitos</strong></span> <span class='ocrx_word' id='word_1_68' title='bbox 2018 1702 2332 1787; x_wconf 79' lang='lat' dir='ltr'><strong>quosdam</strong></span> <span class='ocrx_word' id='word_1_69' title='bbox 2382 1722 2534 1767; x_wconf 89' lang='lat' dir='ltr'><strong>coe-</strong></span> 
     </span>
     <span class='ocr_line' id='line_1_13' title="bbox 1030 1807 2534 1896; baseline -0.005 -23"><span class='ocrx_word' id='word_1_70' title='bbox 1030 1813 1263 1896; x_wconf 79' lang='lat' dir='ltr'><strong>gisset.</strong></span> <span class='ocrx_word' id='word_1_71' title='bbox 1351 1809 1676 1871; x_wconf 78' lang='lat' dir='ltr'><strong>Nimirum</strong></span> <span class='ocrx_word' id='word_1_72' title='bbox 1738 1809 2186 1883; x_wconf 84' lang='lat' dir='ltr'><strong>observatum,</strong></span> <span class='ocrx_word' id='word_1_73' title='bbox 2244 1807 2313 1869; x_wconf 86' lang='lat' dir='ltr'><strong>in</strong></span> <span class='ocrx_word' id='word_1_74' title='bbox 2347 1825 2534 1894; x_wconf 81' lang='lat' dir='ltr'><strong>com-</strong></span> 
     </span>
     <span class='ocr_line' id='line_1_14' title="bbox 1031 1909 2534 1999; baseline -0.001 -26"><span class='ocrx_word' id='word_1_75' title='bbox 1031 1913 1329 1999; x_wconf 79' lang='lat' dir='ltr'><strong>pluribus</strong></span> <span class='ocrx_word' id='word_1_76' title='bbox 1360 1911 1674 1994; x_wconf 82' lang='lat' dir='ltr'>Augustis</span> <span class='ocrx_word' id='word_1_77' title='bbox 1714 1930 2025 1972; x_wconf 88' lang='lat' dir='ltr'><strong>numeros</strong></span> <span class='ocrx_word' id='word_1_78' title='bbox 2063 1909 2219 1971; x_wconf 89' lang='lat' dir='ltr'><strong>trib.</strong></span> <span class='ocrx_word' id='word_1_79' title='bbox 2249 1921 2534 1992; x_wconf 84' lang='lat' dir='ltr'><strong>potesta-</strong></span> 
     </span>
    </p>
   </div>
   <div class='ocr_carea' id='block_1_7' title="bbox 1029 2014 2626 2097">
    <p class='ocr_par' dir='ltr' id='par_1_7' title="bbox 1029 2014 2626 2097">
     <span class='ocr_line' id='line_1_15' title="bbox 1029 2014 2626 2097; baseline -0.003 -20"><span class='ocrx_word' id='word_1_80' title='bbox 1029 2016 1115 2078; x_wconf 81' lang='lat' dir='ltr'><strong>tis</strong></span> <span class='ocrx_word' id='word_1_81' title='bbox 1147 2015 1341 2078; x_wconf 85' lang='lat' dir='ltr'><strong>facile</strong></span> <span class='ocrx_word' id='word_1_82' title='bbox 1367 2014 1632 2097; x_wconf 86' lang='lat' dir='ltr'><strong>quidem</strong></span> <span class='ocrx_word' id='word_1_83' title='bbox 1663 2016 2040 2096; x_wconf 85' lang='lat' dir='ltr'><strong>conspirare</strong></span> <span class='ocrx_word' id='word_1_84' title='bbox 2070 2031 2220 2075; x_wconf 89' lang='lat' dir='ltr'><strong>cum</strong></span> <span class='ocrx_word' id='word_1_85' title='bbox 2249 2030 2530 2073; x_wconf 72' lang='lat' dir='ltr'><strong>numero</strong></span> <span class='ocrx_word' id='word_1_86' title='bbox 2617 2017 2626 2020; x_wconf 76' lang='grc'><strong>’</strong></span> 
     </span>
    </p>
   </div>
   <div class='ocr_carea' id='block_1_8' title="bbox 926 2111 2536 2718">
    <p class='ocr_par' dir='ltr' id='par_1_8' title="bbox 926 2111 2536 2718">
     <span class='ocr_line' id='line_1_16' title="bbox 1028 2111 2531 2201; baseline -0.005 -19"><span class='ocrx_word' id='word_1_87' title='bbox 1028 2115 1383 2190; x_wconf 78' lang='lat' dir='ltr'><strong>annorum,</strong></span> <span class='ocrx_word' id='word_1_88' title='bbox 1431 2130 1592 2201; x_wconf 87' lang='lat' dir='ltr'><strong>quot</strong></span> <span class='ocrx_word' id='word_1_89' title='bbox 1640 2133 1756 2180; x_wconf 82' lang='lat' dir='ltr'><strong>eos</strong></span> <span class='ocrx_word' id='word_1_90' title='bbox 1801 2116 2161 2196; x_wconf 71' lang='lat' dir='ltr'><strong>imperasse</strong></span> <span class='ocrx_word' id='word_1_91' title='bbox 2202 2125 2393 2176; x_wconf 82' lang='lat' dir='ltr'><strong>certa</strong></span> <span class='ocrx_word' id='word_1_92' title='bbox 2424 2111 2531 2174; x_wconf 55' lang='lat' dir='ltr'><strong>&gt;hi-</strong></span> 
     </span>
     <span class='ocr_line' id='line_1_17' title="bbox 1030 2212 2532 2295; baseline -0.004 -13"><span class='ocrx_word' id='word_1_93' title='bbox 1030 2216 1516 2295; x_wconf 75' lang='lat' dir='ltr'><strong>storia&#39;docet5</strong></span> <span class='ocrx_word' id='word_1_94' title='bbox 1591 2230 1654 2281; x_wconf 87' lang='lat' dir='ltr'><strong>at</strong></span> <span class='ocrx_word' id='word_1_95' title='bbox 1704 2216 2121 2294; x_wconf 82' lang='lat' dir='ltr'><strong>observatum</strong></span> <span class='ocrx_word' id='word_1_96' title='bbox 2170 2214 2400 2291; x_wconf 86' lang='lat' dir='ltr'><strong>etiam,</strong></span> <span class='ocrx_word' id='word_1_97' title='bbox 2472 2212 2532 2276; x_wconf 84' lang='lat' dir='ltr'><strong>si</strong></span> 
     </span>
     <span class='ocr_line' id='line_1_18' title="bbox 926 2304 2536 2402; baseline -0.001 -20"><span class='ocrx_word' id='word_1_98' title='bbox 926 2304 951 2313; x_wconf 57' lang='grc'><strong>’</strong></span> <span class='ocrx_word' id='word_1_99' title='bbox 1025 2321 1198 2384; x_wconf 80' lang='lat' dir='ltr'><strong>hanc</strong></span> <span class='ocrx_word' id='word_1_100' title='bbox 1235 2319 1512 2385; x_wconf 80' lang='lat' dir='ltr'><strong>velimus</strong></span> <span class='ocrx_word' id='word_1_101' title='bbox 1546 2319 1735 2402; x_wconf 84' lang='lat' dir='ltr'><strong>sequi</strong></span> <span class='ocrx_word' id='word_1_102' title='bbox 1769 2316 2155 2380; x_wconf 87' lang='lat' dir='ltr'><strong>sententiam</strong></span> <span class='ocrx_word' id='word_1_103' title='bbox 2176 2361 2193 2393; x_wconf 95' lang='lat'><strong>,</strong></span> <span class='ocrx_word' id='word_1_104' title='bbox 2253 2318 2320 2378; x_wconf 89' lang='lat' dir='ltr'><strong>iu</strong></span> <span class='ocrx_word' id='word_1_105' title='bbox 2349 2335 2536 2381; x_wconf 83' lang='lat' dir='ltr'><strong>com·</strong></span> 
     </span>
     <span class='ocr_line' id='line_1_19' title="bbox 1024 2418 2530 2509; baseline -0.001 -24"><span class='ocrx_word' id='word_1_106' title='bbox 1024 2423 1330 2509; x_wconf 73' lang='lat' dir='ltr'><strong>,pluribus</strong></span> <span class='ocrx_word' id='word_1_107' title='bbox 1383 2419 1694 2504; x_wconf 83' lang='lat' dir='ltr'><strong>Augustis</strong></span> <span class='ocrx_word' id='word_1_108' title='bbox 1752 2418 1897 2484; x_wconf 86' lang='lat' dir='ltr'><strong>aliis</strong></span> <span class='ocrx_word' id='word_1_109' title='bbox 1957 2420 2348 2508; x_wconf 63' lang='lat' dir='ltr'><strong>auctiorem⁴</strong></span> <span class='ocrx_word' id='word_1_110' title='bbox 2381 2438 2530 2484; x_wconf 81' lang='lat' dir='ltr'><strong>esse</strong></span> 
     </span>
     <span class='ocr_line' id='line_1_20' title="bbox 1029 2524 2531 2609; baseline -0.002 -21"><span class='ocrx_word' id='word_1_111' title='bbox 1029 2524 1189 2591; x_wconf 80' lang='lat' dir='ltr'><strong>trib.</strong></span> <span class='ocrx_word' id='word_1_112' title='bbox 1233 2524 1574 2609; x_wconf 86' lang='lat' dir='ltr'><strong>potestatis</strong></span> <span class='ocrx_word' id='word_1_113' title='bbox 1614 2542 1994 2608; x_wconf 54' lang='lat' dir='ltr'><strong>numerum,</strong></span> <span class='ocrx_word' id='word_1_114' title='bbox 2040 2543 2231 2606; x_wconf 86' lang='lat' dir='ltr'><strong>quam</strong></span> <span class='ocrx_word' id='word_1_115' title='bbox 2271 2536 2344 2585; x_wconf 89' lang='lat' dir='ltr'><strong>ut</strong></span> <span class='ocrx_word' id='word_1_116' title='bbox 2377 2542 2531 2587; x_wconf 86' lang='lat' dir='ltr'><strong>cum</strong></span> 
     </span>
     <span class='ocr_line' id='line_1_21' title="bbox 986 2623 2527 2718; baseline -0.004 -26"><span class='ocrx_word' id='word_1_117' title='bbox 986 2624 991 2629; x_wconf 77' lang='grc'><strong>’</strong></span> <span class='ocrx_word' id='word_1_118' title='bbox 1029 2640 1336 2711; x_wconf 83' lang='lat' dir='ltr'><strong>tempore</strong></span> <span class='ocrx_word' id='word_1_119' title='bbox 1358 2671 1375 2704; x_wconf 96' lang='lat'><strong>,</strong></span> <span class='ocrx_word' id='word_1_120' title='bbox 1423 2638 1662 2712; x_wconf 84' lang='lat' dir='ltr'><strong>quanto</strong></span> <span class='ocrx_word' id='word_1_121' title='bbox 1698 2644 1813 2688; x_wconf 85' lang='lat' dir='ltr'><strong>eos</strong></span> <span class='ocrx_word' id='word_1_122' title='bbox 1846 2623 2210 2718; x_wconf 77' lang='lat' dir='ltr'><strong>praefuisse</strong></span> <span class='ocrx_word' id='word_1_123' title='bbox 2245 2623 2527 2705; x_wconf 85' lang='lat' dir='ltr'><strong>imperio</strong></span> 
     </span>
    </p>
   </div>
   <div class='ocr_carea' id='block_1_9' title="bbox 1027 2727 2610 2821">
    <p class='ocr_par' dir='ltr' id='par_1_9' title="bbox 1027 2727 2610 2821">
     <span class='ocr_line' id='line_1_22' title="bbox 1027 2727 2610 2821; baseline -0.002 -29"><span class='ocrx_word' id='word_1_124' title='bbox 1027 2740 1319 2805; x_wconf 80' lang='lat' dir='ltr'><strong>constat,</strong></span> <span class='ocrx_word' id='word_1_125' title='bbox 1386 2729 1691 2811; x_wconf 86' lang='lat' dir='ltr'><strong>componi</strong></span> <span class='ocrx_word' id='word_1_126' title='bbox 1736 2727 1948 2821; x_wconf 79' lang='lat' dir='ltr'><strong>queat.</strong></span> <span class='ocrx_word' id='word_1_127' title='bbox 2036 2728 2141 2787; x_wconf 86' lang='lat' dir='ltr'><strong>En</strong></span> <span class='ocrx_word' id='word_1_128' title='bbox 2187 2728 2558 2809; x_wconf 52' lang='lat' dir='ltr'><strong>utriusque</strong></span> <span class='ocrx_word' id='word_1_129' title='bbox 2601 2749 2610 2754; x_wconf 90' lang='lat'><em>·</em></span> 
     </span>
    </p>
   </div>
   <div class='ocr_carea' id='block_1_10' title="bbox 1028 2824 2528 3116">
    <p class='ocr_par' dir='ltr' id='par_1_10' title="bbox 1028 2824 2528 3116">
     <span class='ocr_line' id='line_1_23' title="bbox 1029 2824 2528 2914; baseline -0.001 -20"><span class='ocrx_word' id='word_1_130' title='bbox 1029 2829 1447 2914; x_wconf 80' lang='lat' dir='ltr'><strong>exemplum:</strong></span> <span class='ocrx_word' id='word_1_131' title='bbox 1512 2824 1867 2914; x_wconf 71' lang='lat' dir='ltr'><strong>Imperavit</strong></span> <span class='ocrx_word' id='word_1_132' title='bbox 1906 2828 2215 2909; x_wconf 59' lang='lat' dir='ltr'><strong>‘Caligula</strong></span> <span class='ocrx_word' id='word_1_133' title='bbox 2280 2827 2434 2891; x_wconf 84' lang='lat' dir='ltr'><strong>inde</strong></span> <span class='ocrx_word' id='word_1_134' title='bbox 2489 2848 2528 2892; x_wconf 82' lang='lat' dir='ltr'><strong>a</strong></span> 
     </span>
     <span class='ocr_line' id='line_1_24' title="bbox 1028 2928 2526 3015; baseline 0.001 -24"><span class='ocrx_word' id='word_1_135' title='bbox 1028 2933 1207 2999; x_wconf 81' lang='lat' dir='ltr'>XVI.</span> <span class='ocrx_word' id='word_1_136' title='bbox 1238 2930 1345 2992; x_wconf 86' lang='lat' dir='ltr'><strong>die</strong></span> <span class='ocrx_word' id='word_1_137' title='bbox 1376 2930 1601 2997; x_wconf 72' lang='lat' dir='ltr'><strong>Martii</strong></span> <span class='ocrx_word' id='word_1_138' title='bbox 1627 2931 1704 2999; x_wconf 96' lang='lat' dir='ltr'><strong>V.</strong></span> <span class='ocrx_word' id='word_1_139' title='bbox 1735 2930 1806 2993; x_wconf 93' lang='lat' dir='ltr'>C.</span> <span class='ocrx_word' id='word_1_140' title='bbox 1836 2948 1965 3015; x_wconf 82' lang='grc'><strong>790</strong></span> <span class='ocrx_word' id='word_1_141' title='bbox 1995 2948 2201 3013; x_wconf 82' lang='lat' dir='ltr'><strong>usque</strong></span> <span class='ocrx_word' id='word_1_142' title='bbox 2237 2928 2317 2993; x_wconf 87' lang='lat' dir='ltr'><strong>ad</strong></span> <span class='ocrx_word' id='word_1_143' title='bbox 2351 2928 2526 2993; x_wconf 80' lang='lat' dir='ltr'><strong>diem</strong></span> 
     </span>
     <span class='ocr_line' id='line_1_25' title="bbox 1028 3012 2528 3116; baseline 0 -21"><span class='ocrx_word' id='word_1_144' title='bbox 1028 3033 1270 3099; x_wconf 75' lang='lat' dir='ltr'>XXIV.</span> <span class='ocrx_word' id='word_1_145' title='bbox 1305 3032 1584 3096; x_wconf 78' lang='lat' dir='ltr'><strong>Ianuarii</strong></span> <span class='ocrx_word' id='word_1_146' title='bbox 1618 3036 1701 3101; x_wconf 88' lang='lat' dir='ltr'><strong>V.</strong></span> <span class='ocrx_word' id='word_1_147' title='bbox 1745 3012 1813 3096; x_wconf 87' lang='lat' dir='ltr'>C.</span> <span class='ocrx_word' id='word_1_148' title='bbox 1850 3042 2000 3116; x_wconf 75' lang='grc'><strong>794.</strong></span> <span class='ocrx_word' id='word_1_149' title='bbox 2062 3034 2246 3115; x_wconf 84' lang='lat' dir='ltr'><strong>Ergo</strong></span> <span class='ocrx_word' id='word_1_150' title='bbox 2283 3033 2338 3096; x_wconf 88' lang='lat' dir='ltr'><strong>is</strong></span> <span class='ocrx_word' id='word_1_151' title='bbox 2372 3032 2528 3097; x_wconf 82' lang='lat' dir='ltr'><strong>iter·</strong></span> 
     </span>
    </p>
   </div>
   <div class='ocr_carea' id='block_1_11' title="bbox 915 3133 2531 3221">
    <p class='ocr_par' dir='ltr' id='par_1_11' title="bbox 915 3133 2531 3221">
     <span class='ocr_line' id='line_1_26' title="bbox 915 3133 2531 3221; baseline 0.001 -25"><span class='ocrx_word' id='word_1_152' title='bbox 915 3213 918 3218; x_wconf 21' lang='grc' dir='ltr'>Ι</span> <span class='ocrx_word' id='word_1_153' title='bbox 1030 3146 1134 3198; x_wconf 80' lang='lat' dir='ltr'><strong>ata</strong></span> <span class='ocrx_word' id='word_1_154' title='bbox 1167 3136 1511 3219; x_wconf 73' lang='lat' dir='ltr'><strong>quotannis</strong></span> <span class='ocrx_word' id='word_1_155' title='bbox 1548 3134 1783 3198; x_wconf 85' lang='lat' dir='ltr'><strong>eodem</strong></span> <span class='ocrx_word' id='word_1_156' title='bbox 1821 3135 2040 3199; x_wconf 80' lang='lat' dir='ltr'><strong>Martii</strong></span> <span class='ocrx_word' id='word_1_157' title='bbox 2077 3134 2185 3197; x_wconf 82' lang='lat' dir='ltr'><strong>die</strong></span> <span class='ocrx_word' id='word_1_158' title='bbox 2223 3133 2375 3221; x_wconf 86' lang='lat' dir='ltr'><strong>trib.</strong></span> <span class='ocrx_word' id='word_1_159' title='bbox 2413 3155 2531 3220; x_wconf 89' lang='lat' dir='ltr'><strong>po·</strong></span> 
     </span>
    </p>
   </div>
   <div class='ocr_carea' id='block_1_12' title="bbox 1022 3234 2532 4857">
    <p class='ocr_par' dir='ltr' id='par_1_12' title="bbox 1022 3234 2532 4545">
     <span class='ocr_line' id='line_1_27' title="bbox 1028 3234 2526 3307; baseline 0.001 -9"><span class='ocrx_word' id='word_1_160' title='bbox 1028 3247 1267 3299; x_wconf 83' lang='lat' dir='ltr'><strong>testate</strong></span> <span class='ocrx_word' id='word_1_161' title='bbox 1307 3237 1495 3303; x_wconf 79' lang='lat' dir='ltr'><strong>inivit</strong></span> <span class='ocrx_word' id='word_1_162' title='bbox 1538 3236 1936 3302; x_wconf 86' lang='lat' dir='ltr'><strong>tribunatum</strong></span> <span class='ocrx_word' id='word_1_163' title='bbox 1964 3239 2085 3307; x_wconf 87' lang='lat' dir='ltr'><strong>IV.</strong></span> <span class='ocrx_word' id='word_1_164' title='bbox 2123 3255 2293 3301; x_wconf 88' lang='lat' dir='ltr'><strong>anno</strong></span> <span class='ocrx_word' id='word_1_165' title='bbox 2332 3234 2414 3302; x_wconf 90' lang='lat' dir='ltr'>V</span> <span class='ocrx_word' id='word_1_166' title='bbox 2439 3237 2526 3299; x_wconf 86' lang='lat' dir='ltr'><strong>·.G</strong></span> 
     </span>
     <span class='ocr_line' id='line_1_28' title="bbox 1029 3337 2530 3422; baseline 0.001 -22"><span class='ocrx_word' id='word_1_167' title='bbox 1029 3337 1195 3422; x_wconf 84' lang='grc'><strong>793,</strong></span> <span class='ocrx_word' id='word_1_168' title='bbox 1240 3358 1372 3422; x_wconf 88' lang='lat' dir='ltr'><strong>quo</strong></span> <span class='ocrx_word' id='word_1_169' title='bbox 1417 3338 1682 3403; x_wconf 86' lang='lat' dir='ltr'><strong>labente</strong></span> <span class='ocrx_word' id='word_1_170' title='bbox 1727 3339 1982 3403; x_wconf 89' lang='lat' dir='ltr'><strong>occisus</strong></span> <span class='ocrx_word' id='word_1_171' title='bbox 2028 3351 2129 3402; x_wconf 87' lang='lat' dir='ltr'><strong>est</strong></span> <span class='ocrx_word' id='word_1_172' title='bbox 2170 3358 2399 3402; x_wconf 88' lang='lat' dir='ltr'><strong>mense</strong></span> <span class='ocrx_word' id='word_1_173' title='bbox 2435 3340 2530 3401; x_wconf 87' lang='lat' dir='ltr'><strong>Ia·</strong></span> 
     </span>
     <span class='ocr_line' id='line_1_29' title="bbox 1027 3440 2530 3526; baseline -0.001 -25"><span class='ocrx_word' id='word_1_174' title='bbox 1027 3440 1261 3505; x_wconf 87' lang='lat' dir='ltr'><strong>nuario</strong></span> <span class='ocrx_word' id='word_1_175' title='bbox 1307 3441 1461 3510; x_wconf 85' lang='lat' dir='ltr'><strong>anni</strong></span> <span class='ocrx_word' id='word_1_176' title='bbox 1498 3441 1866 3525; x_wconf 73' lang='lat' dir='ltr'><strong>sequentis.</strong></span> <span class='ocrx_word' id='word_1_177' title='bbox 1947 3440 2173 3512; x_wconf 79' lang='lat' dir='ltr'><strong>Facile</strong></span> <span class='ocrx_word' id='word_1_178' title='bbox 2213 3441 2417 3526; x_wconf 85' lang='lat' dir='ltr'><strong>igitur</strong></span> <span class='ocrx_word' id='word_1_179' title='bbox 2459 3440 2530 3502; x_wconf 86' lang='lat' dir='ltr'><strong>in</strong></span> 
     </span>
     <span class='ocr_line' id='line_1_30' title="bbox 1025 3539 2532 3632; baseline -0.001 -28"><span class='ocrx_word' id='word_1_180' title='bbox 1025 3543 1326 3608; x_wconf 84' lang='lat' dir='ltr'><strong>Panvinii</strong></span> <span class='ocrx_word' id='word_1_181' title='bbox 1367 3543 1688 3606; x_wconf 85' lang='lat' dir='ltr'><strong>sententia</strong></span> <span class='ocrx_word' id='word_1_182' title='bbox 1731 3539 2105 3632; x_wconf 70' lang='lat' dir='ltr'><strong>explicatur.</strong></span> <span class='ocrx_word' id='word_1_183' title='bbox 2141 3540 2293 3603; x_wconf 89' lang='lat' dir='ltr'><strong>trib.</strong></span> <span class='ocrx_word' id='word_1_184' title='bbox 2341 3552 2532 3625; x_wconf 85' lang='lat' dir='ltr'><strong>pote-</strong></span> 
     </span>
     <span class='ocr_line' id='line_1_31' title="bbox 1026 3634 2528 3731; baseline -0.001 -25"><span class='ocrx_word' id='word_1_185' title='bbox 1026 3655 1159 3708; x_wconf 83' lang='lat' dir='ltr'><strong>stas</strong></span> <span class='ocrx_word' id='word_1_186' title='bbox 1193 3646 1311 3714; x_wconf 86' lang='lat' dir='ltr'><strong>IV.</strong></span> <span class='ocrx_word' id='word_1_187' title='bbox 1346 3634 1538 3727; x_wconf 87' lang='lat' dir='ltr'><strong>hujus</strong></span> <span class='ocrx_word' id='word_1_188' title='bbox 1575 3642 1992 3731; x_wconf 74' lang='lat' dir='ltr'><strong>imperatoris</strong></span> <span class='ocrx_word' id='word_1_189' title='bbox 2017 3644 2097 3705; x_wconf 80' lang='lat' dir='ltr'><strong>in</strong></span> <span class='ocrx_word' id='word_1_190' title='bbox 2136 3640 2346 3705; x_wconf 78' lang='lat' dir='ltr'><strong>obviis</strong></span> <span class='ocrx_word' id='word_1_191' title='bbox 2387 3640 2528 3725; x_wconf 81' lang='lat' dir='ltr'><strong>ejus</strong></span> 
     </span>
     <span class='ocr_line' id='line_1_32' title="bbox 1025 3743 2526 3830; baseline 0 -23"><span class='ocrx_word' id='word_1_192' title='bbox 1025 3746 1261 3810; x_wconf 88' lang='lat' dir='ltr'><strong>numis.</strong></span> <span class='ocrx_word' id='word_1_193' title='bbox 1342 3747 1702 3830; x_wconf 79' lang='lat' dir='ltr'><strong>Imperavit</strong></span> <span class='ocrx_word' id='word_1_194' title='bbox 1727 3743 2128 3826; x_wconf 80' lang='lat' dir='ltr'><strong>Elagabalus</strong></span> <span class='ocrx_word' id='word_1_195' title='bbox 2173 3762 2375 3807; x_wconf 84' lang='lat' dir='ltr'><strong>anuos</strong></span> <span class='ocrx_word' id='word_1_196' title='bbox 2405 3745 2526 3808; x_wconf 75' lang='lat'>111.</span> 
     </span>
     <span class='ocr_line' id='line_1_33' title="bbox 1027 3844 2528 3931; baseline -0.002 -21"><span class='ocrx_word' id='word_1_197' title='bbox 1027 3866 1296 3911; x_wconf 78' lang='lat' dir='ltr'><strong>menses</strong></span> <span class='ocrx_word' id='word_1_198' title='bbox 1333 3845 1446 3906; x_wconf 65' lang='lat' dir='ltr'><strong>lx.</strong></span> <span class='ocrx_word' id='word_1_199' title='bbox 1535 3844 1861 3931; x_wconf 76' lang='lat' dir='ltr'><strong>occoepit</strong></span> <span class='ocrx_word' id='word_1_200' title='bbox 1911 3865 2074 3929; x_wconf 82' lang='lat' dir='ltr'><strong>ergo</strong></span> <span class='ocrx_word' id='word_1_201' title='bbox 2122 3846 2528 3908; x_wconf 86' lang='lat' dir='ltr'><strong>tribunatum</strong></span> 
     </span>
     <span class='ocr_line' id='line_1_34' title="bbox 1029 3946 2529 4041; baseline 0.001 -31"><span class='ocrx_word' id='word_1_202' title='bbox 1029 3949 1147 4041; x_wconf 84' lang='lat' dir='ltr'><strong>IV.</strong></span> <span class='ocrx_word' id='word_1_203' title='bbox 1233 3946 1323 4008; x_wconf 82' lang='lat' dir='ltr'><strong>At</strong></span> <span class='ocrx_word' id='word_1_204' title='bbox 1363 3966 1492 4030; x_wconf 86' lang='lat' dir='ltr'><strong>quo</strong></span> <span class='ocrx_word' id='word_1_205' title='bbox 1537 3960 1727 4030; x_wconf 85' lang='lat' dir='ltr'><strong>pacto</strong></span> <span class='ocrx_word' id='word_1_206' title='bbox 1765 3968 1850 4010; x_wconf 87' lang='lat' dir='ltr'><strong>ex</strong></span> <span class='ocrx_word' id='word_1_207' title='bbox 1878 3946 2185 4011; x_wconf 80' lang='lat' dir='ltr'><strong>Panvin&#39;ii</strong></span> <span class='ocrx_word' id='word_1_208' title='bbox 2230 3946 2529 4013; x_wconf 83' lang='lat' dir='ltr'><strong>doctrina</strong></span> 
     </span>
     <span class='ocr_line' id='line_1_35' title="bbox 1022 4034 2527 4133; baseline 0.001 -22"><span class='ocrx_word' id='word_1_209' title='bbox 1022 4034 1200 4111; x_wconf 86' lang='lat' dir='ltr'><strong>intra</strong></span> <span class='ocrx_word' id='word_1_210' title='bbox 1230 4047 1360 4112; x_wconf 88' lang='lat' dir='ltr'><strong>boc</strong></span> <span class='ocrx_word' id='word_1_211' title='bbox 1395 4048 1673 4132; x_wconf 78' lang='lat' dir='ltr'><strong>spatium</strong></span> <span class='ocrx_word' id='word_1_212' title='bbox 1713 4049 2094 4133; x_wconf 85' lang='lat' dir='ltr'><strong>compinges</strong></span> <span class='ocrx_word' id='word_1_213' title='bbox 2130 4049 2527 4123; x_wconf 85' lang='lat' dir='ltr'><strong>tribunatum</strong></span> 
     </span>
     <span class='ocr_line' id='line_1_36' title="bbox 1027 4149 2529 4237; baseline 0.004 -26"><span class='ocrx_word' id='word_1_214' title='bbox 1027 4150 1148 4228; x_wconf 62' lang='lat' dir='ltr'>V„</span> <span class='ocrx_word' id='word_1_215' title='bbox 1184 4150 1307 4235; x_wconf 50' lang='lat' dir='ltr'><strong>‘qui</strong></span> <span class='ocrx_word' id='word_1_216' title='bbox 1345 4150 1414 4211; x_wconf 87' lang='lat' dir='ltr'><strong>iu</strong></span> <span class='ocrx_word' id='word_1_217' title='bbox 1454 4149 1911 4237; x_wconf 71' lang='lat' dir='ltr'><strong>frequentibus</strong></span> <span class='ocrx_word' id='word_1_218' title='bbox 1944 4152 2083 4233; x_wconf 89' lang='lat' dir='ltr'><strong>ejus</strong></span> <span class='ocrx_word' id='word_1_219' title='bbox 2118 4151 2529 4237; x_wconf 67' lang='lat' dir='ltr'><strong>numis&#39;legi·</strong></span> 
     </span>
     <span class='ocr_line' id='line_1_37' title="bbox 1028 4251 2532 4346; baseline -0.001 -28"><span class='ocrx_word' id='word_1_220' title='bbox 1028 4252 1186 4346; x_wconf 75' lang='lat' dir='ltr'><strong>tur?</strong></span> <span class='ocrx_word' id='word_1_221' title='bbox 1250 4251 1453 4338; x_wconf 74' lang='lat' dir='ltr'><strong>Atqui</strong></span> <span class='ocrx_word' id='word_1_222' title='bbox 1513 4252 1789 4317; x_wconf 78' lang='lat' dir='ltr'><strong>eandem</strong></span> <span class='ocrx_word' id='word_1_223' title='bbox 1847 4252 2304 4319; x_wconf 80' lang='lat' dir='ltr'><strong>difficultatem</strong></span> <span class='ocrx_word' id='word_1_224' title='bbox 2367 4254 2532 4338; x_wconf 87' lang='lat' dir='ltr'><strong>obji-</strong></span> 
     </span>
     <span class='ocr_line' id='line_1_38' title="bbox 1028 4352 2526 4451; baseline 0.001 -31"><span class='ocrx_word' id='word_1_225' title='bbox 1028 4355 1213 4449; x_wconf 78' lang='lat' dir='ltr'><strong>ciunt</strong></span> <span class='ocrx_word' id='word_1_226' title='bbox 1267 4376 1402 4419; x_wconf 90' lang='lat' dir='ltr'><strong>non</strong></span> <span class='ocrx_word' id='word_1_227' title='bbox 1446 4377 1666 4451; x_wconf 83' lang='lat' dir='ltr'><strong>pauca</strong></span> <span class='ocrx_word' id='word_1_228' title='bbox 1719 4354 2000 4423; x_wconf 84' lang='lat' dir='ltr'><strong>aliorum</strong></span> <span class='ocrx_word' id='word_1_229' title='bbox 2056 4356 2255 4441; x_wconf 81' lang='lat' dir='ltr'><strong>etiam</strong></span> <span class='ocrx_word' id='word_1_230' title='bbox 2305 4352 2526 4441; x_wconf 77' lang='lat' dir='ltr'><strong>Augu&#39;·</strong></span> 
     </span>
     <span class='ocr_line' id='line_1_39' title="bbox 1030 4444 1623 4545; baseline 0 -22"><span class='ocrx_word' id='word_1_231' title='bbox 1030 4444 1281 4525; x_wconf 81' lang='lat' dir='ltr'><strong>storum</strong></span> <span class='ocrx_word' id='word_1_232' title='bbox 1324 4458 1623 4545; x_wconf 82' lang='lat' dir='ltr'><strong>imperia.</strong></span> 
     </span>
    </p>

    <p class='ocr_par' dir='ltr' id='par_1_13' title="bbox 1026 4537 2527 4857">
     <span class='ocr_line' id='line_1_40' title="bbox 1061 4537 2526 4646; baseline 0 -22"><span class='ocrx_word' id='word_1_233' title='bbox 1061 4590 1071 4599; x_wconf 92' lang='lat'><strong>·</strong></span> <span class='ocrx_word' id='word_1_234' title='bbox 1151 4560 1389 4626; x_wconf 82' lang='lat' dir='ltr'><strong>Hunc</strong></span> <span class='ocrx_word' id='word_1_235' title='bbox 1371 4565 1575 4646; x_wconf 69' lang='lat' dir='ltr'><strong>igitur</strong></span> <span class='ocrx_word' id='word_1_236' title='bbox 1596 4563 1841 4629; x_wconf 86' lang='lat' dir='ltr'><strong>nodum</strong></span> <span class='ocrx_word' id='word_1_237' title='bbox 1867 4537 2015 4630; x_wconf 80' lang='lat' dir='ltr'><strong>cum</strong></span> <span class='ocrx_word' id='word_1_238' title='bbox 2041 4561 2367 4629; x_wconf 81' lang='lat' dir='ltr'><strong>extricare</strong></span> <span class='ocrx_word' id='word_1_239' title='bbox 2387 4560 2526 4629; x_wconf 79' lang='lat' dir='ltr'><strong>vel·</strong></span> 
     </span>
     <span class='ocr_line' id='line_1_41' title="bbox 1026 4663 2526 4752; baseline 0.001 -26"><span class='ocrx_word' id='word_1_240' title='bbox 1026 4666 1170 4730; x_wconf 82' lang='lat' dir='ltr'><strong>lent</strong></span> <span class='ocrx_word' id='word_1_241' title='bbox 1210 4663 1338 4731; x_wconf 75' lang='lat' dir='ltr'><strong>viri</strong></span> <span class='ocrx_word' id='word_1_242' title='bbox 1379 4663 1703 4748; x_wconf 79' lang='lat' dir='ltr'><strong>insigues,</strong></span> <span class='ocrx_word' id='word_1_243' title='bbox 1739 4685 1954 4752; x_wconf 86' lang='lat' dir='ltr'><strong>neque</strong></span> <span class='ocrx_word' id='word_1_244' title='bbox 2000 4680 2220 4730; x_wconf 85' lang='lat' dir='ltr'><strong>tamen</strong></span> <span class='ocrx_word' id='word_1_245' title='bbox 2262 4688 2302 4730; x_wconf 87' lang='lat' dir='ltr'><strong>a</strong></span> <span class='ocrx_word' id='word_1_246' title='bbox 2340 4686 2526 4729; x_wconf 86' lang='lat' dir='ltr'><strong>rece-</strong></span> 
     </span>
     <span class='ocr_line' id='line_1_42' title="bbox 1028 4764 2527 4857; baseline 0.001 -24"><span class='ocrx_word' id='word_1_247' title='bbox 1028 4780 1138 4851; x_wconf 79' lang='lat' dir='ltr'><strong>pta</strong></span> <span class='ocrx_word' id='word_1_248' title='bbox 1178 4764 1482 4856; x_wconf 67' lang='lat' dir='ltr'><strong>Panyinii</strong></span> <span class='ocrx_word' id='word_1_249' title='bbox 1538 4769 1882 4857; x_wconf 70' lang='lat' dir='ltr'><strong>sententia.</strong></span> <span class='ocrx_word' id='word_1_250' title='bbox 1915 4768 2303 4851; x_wconf 75' lang='lat' dir='ltr'><strong>discedere,</strong></span> <span class='ocrx_word' id='word_1_251' title='bbox 2345 4767 2527 4840; x_wconf 70' lang='lat' dir='ltr'><strong>vide·</strong></span> 
     </span>
    </p>
   </div>
   <div class='ocr_carea' id='block_1_13' title="bbox 2319 492 2879 574">
    <p class='ocr_par' dir='ltr' id='par_1_14' title="bbox 2319 492 2879 574">
     <span class='ocr_line' id='line_1_43' title="bbox 2319 492 2879 574; baseline 0.007 -5"><span class='ocrx_word' id='word_1_252' title='bbox 2319 492 2879 574; x_wconf 76' lang='lat' dir='ltr'>CAPVT&#39;X·</span> 
     </span>
    </p>
   </div>
   <div class='ocr_carea' id='block_1_14' title="bbox 2579 677 4143 872">
    <p class='ocr_par' dir='ltr' id='par_1_15' title="bbox 2579 677 4143 872">
     <span class='ocr_line' id='line_1_44' title="bbox 2579 677 4140 764; baseline 0.003 -20"><span class='ocrx_word' id='word_1_253' title='bbox 2579 763 2582 764; x_wconf 15' lang='lat'><em>⁷</em></span> <span class='ocrx_word' id='word_1_254' title='bbox 2646 685 2757 744; x_wconf 82' lang='lat' dir='ltr'><strong>res&#39;</strong></span> <span class='ocrx_word' id='word_1_255' title='bbox 2800 679 2964 746; x_wconf 82' lang='lat' dir='ltr'><strong>alios</strong></span> <span class='ocrx_word' id='word_1_256' title='bbox 3010 677 3222 744; x_wconf 81' lang='lat' dir='ltr'><strong>omnis</strong></span> <span class='ocrx_word' id='word_1_257' title='bbox 3277 677 3544 763; x_wconf 81' lang='lat' dir='ltr'><strong>generis</strong></span> <span class='ocrx_word' id='word_1_258' title='bbox 3597 680 3899 763; x_wconf 84' lang='lat' dir='ltr'><strong>reperire</strong></span> <span class='ocrx_word' id='word_1_259' title='bbox 3945 677 4140 763; x_wconf 74' lang='lat' dir='ltr'><strong>artes,</strong></span> 
     </span>
     <span class='ocr_line' id='line_1_45' title="bbox 2627 780 4143 872; baseline 0.003 -25"><span class='ocrx_word' id='word_1_260' title='bbox 2627 804 2771 867; x_wconf 68' lang='lat' dir='ltr'><strong>⁴per</strong></span> <span class='ocrx_word' id='word_1_261' title='bbox 2814 805 2969 872; x_wconf 84' lang='lat' dir='ltr'><strong>quas</strong></span> <span class='ocrx_word' id='word_1_262' title='bbox 3015 802 3053 847; x_wconf 86' lang='lat' dir='ltr'><strong>e</strong></span> <span class='ocrx_word' id='word_1_263' title='bbox 3098 781 3470 864; x_wconf 83' lang='lat' dir='ltr'><strong>labyrintho</strong></span> <span class='ocrx_word' id='word_1_264' title='bbox 3499 780 3913 861; x_wconf 78' lang='lat' dir='ltr'><strong>‘evadet-ent,</strong></span> <span class='ocrx_word' id='word_1_265' title='bbox 3979 787 4143 851; x_wconf 82' lang='lat' dir='ltr'><strong>alios</strong></span> 
     </span>
    </p>
   </div>
   <div class='ocr_carea' id='block_1_15' title="bbox 2641 885 4149 1785">
    <p class='ocr_par' dir='ltr' id='par_1_16' title="bbox 2641 885 4149 1785">
     <span class='ocr_line' id='line_1_46' title="bbox 2647 885 4147 970; baseline 0.001 -23"><span class='ocrx_word' id='word_1_266' title='bbox 2647 887 2716 948; x_wconf 89' lang='lat' dir='ltr'><strong>in</strong></span> <span class='ocrx_word' id='word_1_267' title='bbox 2751 885 3136 955; x_wconf 69' lang='lat' dir='ltr'><strong>adulterinis</strong></span> <span class='ocrx_word' id='word_1_268' title='bbox 3175 900 3405 970; x_wconf 85' lang='lat' dir='ltr'><strong>putare</strong></span> <span class='ocrx_word' id='word_1_269' title='bbox 3442 898 3864 950; x_wconf 86' lang='lat' dir='ltr'><strong>monumenta</strong></span> <span class='ocrx_word' id='word_1_270' title='bbox 3905 890 4147 970; x_wconf 80' lang='lat' dir='ltr'><strong>omnia,</strong></span> 
     </span>
     <span class='ocr_line' id='line_1_47' title="bbox 2648 987 4149 1082; baseline 0.004 -32"><span class='ocrx_word' id='word_1_271' title='bbox 2648 989 2813 1082; x_wconf 74' lang='lat' dir='ltr'><strong>quae</strong></span> <span class='ocrx_word' id='word_1_272' title='bbox 2877 990 3203 1053; x_wconf 77' lang='lat' dir='ltr'><strong>auctiores</strong></span> <span class='ocrx_word' id='word_1_273' title='bbox 3261 1001 3567 1052; x_wconf 79' lang='lat' dir='ltr'><strong>enarrant</strong></span> <span class='ocrx_word' id='word_1_274' title='bbox 3622 987 3987 1054; x_wconf 87' lang='lat' dir='ltr'><strong>tribunatus</strong></span> <span class='ocrx_word' id='word_1_275' title='bbox 4028 1013 4149 1057; x_wconf 86' lang='lat' dir='ltr'><strong>uu-</strong></span> 
     </span>
     <span class='ocr_line' id='line_1_48' title="bbox 2650 1089 4149 1179; baseline 0.003 -25"><span class='ocrx_word' id='word_1_276' title='bbox 2650 1111 2951 1171; x_wconf 80' lang='lat' dir='ltr'><strong>meros,</strong></span> <span class='ocrx_word' id='word_1_277' title='bbox 2972 1091 3135 1155; x_wconf 85' lang='lat' dir='ltr'><strong>alios</strong></span> <span class='ocrx_word' id='word_1_278' title='bbox 3180 1089 3425 1173; x_wconf 82' lang='lat' dir='ltr'><strong>effugia</strong></span> <span class='ocrx_word' id='word_1_279' title='bbox 3467 1089 3776 1169; x_wconf 80' lang='lat' dir='ltr'><strong>absurda,</strong></span> <span class='ocrx_word' id='word_1_280' title='bbox 3836 1106 3905 1157; x_wconf 86' lang='lat' dir='ltr'><strong>ct</strong></span> <span class='ocrx_word' id='word_1_281' title='bbox 3944 1097 4149 1179; x_wconf 84' lang='lat' dir='ltr'><strong>pessi-</strong></span> 
     </span>
     <span class='ocr_line' id='line_1_49' title="bbox 2650 1189 4147 1293; baseline 0.004 -36"><span class='ocrx_word' id='word_1_282' title='bbox 2650 1194 2741 1257; x_wconf 89' lang='lat' dir='ltr'><strong>mi</strong></span> <span class='ocrx_word' id='word_1_283' title='bbox 2814 1194 3019 1258; x_wconf 81' lang='lat' dir='ltr'><strong>moris</strong></span> <span class='ocrx_word' id='word_1_284' title='bbox 3077 1189 3525 1258; x_wconf 69' lang='lat' dir='ltr'><strong>comminisci.</strong></span> <span class='ocrx_word' id='word_1_285' title='bbox 3612 1192 3805 1293; x_wconf 79' lang='lat' dir='ltr'><strong>Quae</strong></span> <span class='ocrx_word' id='word_1_286' title='bbox 3879 1198 4147 1281; x_wconf 84' lang='lat' dir='ltr'><strong>quidem</strong></span> 
     </span>
     <span class='ocr_line' id='line_1_50' title="bbox 2641 1283 4140 1376; baseline 0.001 -15"><span class='ocrx_word' id='word_1_287' title='bbox 2641 1290 2799 1361; x_wconf 72' lang='lat' dir='ltr'><strong>&#39;cum</strong></span> <span class='ocrx_word' id='word_1_288' title='bbox 2868 1315 3001 1360; x_wconf 91' lang='lat' dir='ltr'><strong>non</strong></span> <span class='ocrx_word' id='word_1_289' title='bbox 3069 1296 3453 1359; x_wconf 69' lang='lat' dir='ltr'><strong>adridet-ent</strong></span> <span class='ocrx_word' id='word_1_290' title='bbox 3514 1283 3854 1375; x_wconf 83' lang='lat' dir='ltr'><strong>omnibus,</strong></span> <span class='ocrx_word' id='word_1_291' title='bbox 3927 1298 4140 1376; x_wconf 73' lang='lat' dir='ltr'><strong>fuere,</strong></span> 
     </span>
     <span class='ocr_line' id='line_1_51' title="bbox 2652 1397 4144 1496; baseline 0.003 -36"><span class='ocrx_word' id='word_1_292' title='bbox 2652 1399 2884 1496; x_wconf 78' lang='lat' dir='ltr'><strong>quibus</strong></span> <span class='ocrx_word' id='word_1_293' title='bbox 2932 1417 3045 1462; x_wconf 85' lang='lat' dir='ltr'><strong>res</strong></span> <span class='ocrx_word' id='word_1_294' title='bbox 3088 1397 3225 1482; x_wconf 86' lang='lat' dir='ltr'><strong>ipsa</strong></span> <span class='ocrx_word' id='word_1_295' title='bbox 3271 1399 3599 1483; x_wconf 79' lang='lat' dir='ltr'><strong>imperare</strong></span> <span class='ocrx_word' id='word_1_296' title='bbox 3643 1397 4027 1479; x_wconf 74' lang='lat' dir='ltr'><strong>videbatur,</strong></span> <span class='ocrx_word' id='word_1_297' title='bbox 4071 1413 4144 1464; x_wconf 80' lang='lat' dir='ltr'><strong>ut</strong></span> 
     </span>
     <span class='ocr_line' id='line_1_52' title="bbox 2641 1490 4141 1587; baseline 0.003 -25"><span class='ocrx_word' id='word_1_298' title='bbox 2641 1490 3013 1584; x_wconf 76' lang='lat' dir='ltr'><strong>inquiratur</strong></span> <span class='ocrx_word' id='word_1_299' title='bbox 3071 1501 3244 1564; x_wconf 82' lang='lat' dir='ltr'><strong>alter</strong></span> <span class='ocrx_word' id='word_1_300' title='bbox 3303 1503 3536 1586; x_wconf 79' lang='lat' dir='ltr'><strong>aliquis</strong></span> <span class='ocrx_word' id='word_1_301' title='bbox 3569 1501 3834 1580; x_wconf 59' lang='lat' dir='ltr'><strong>cardo,</strong></span> <span class='ocrx_word' id='word_1_302' title='bbox 3911 1523 3950 1567; x_wconf 84' lang='lat' dir='ltr'><strong>a</strong></span> <span class='ocrx_word' id='word_1_303' title='bbox 4009 1521 4141 1587; x_wconf 77' lang='lat' dir='ltr'><strong>quo</strong></span> 
     </span>
     <span class='ocr_line' id='line_1_53' title="bbox 2645 1603 4144 1698; baseline 0.003 -33"><span class='ocrx_word' id='word_1_304' title='bbox 2645 1603 2979 1688; x_wconf 83' lang='lat' dir='ltr'><strong>principes</strong></span> <span class='ocrx_word' id='word_1_305' title='bbox 3032 1603 3287 1666; x_wconf 78' lang='lat' dir='ltr'><strong>iterare</strong></span> <span class='ocrx_word' id='word_1_306' title='bbox 3347 1603 3498 1675; x_wconf 82' lang='lat' dir='ltr'><strong>trib.</strong></span> <span class='ocrx_word' id='word_1_307' title='bbox 3539 1615 3935 1698; x_wconf 80' lang='lat' dir='ltr'><strong>potestatem</strong></span> <span class='ocrx_word' id='word_1_308' title='bbox 3989 1621 4144 1670; x_wconf 70' lang='lat' dir='ltr'><strong>con·</strong></span> 
     </span>
     <span class='ocr_line' id='line_1_54' title="bbox 2643 1705 3475 1785; baseline -0.005 -14"><span class='ocrx_word' id='word_1_309' title='bbox 2643 1706 3018 1785; x_wconf 68' lang='lat' dir='ltr'><strong>neverint,</strong></span> <span class='ocrx_word' id='word_1_310' title='bbox 3061 1705 3238 1772; x_wconf 73' lang='lat' dir='ltr'><strong>uude</strong></span> <span class='ocrx_word' id='word_1_311' title='bbox 3284 1718 3475 1774; x_wconf 80' lang='lat' dir='ltr'><strong>enata</strong></span> 
     </span>
    </p>
   </div>
   <div class='ocr_carea' id='block_1_16' title="bbox 2982 1981 3803 2242">
    <p class='ocr_par' dir='ltr' id='par_1_17' title="bbox 2982 1981 3803 2242">
     <span class='ocr_line' id='line_1_55' title="bbox 2982 1981 3803 2051; baseline 0.004 -3"><span class='ocrx_word' id='word_1_312' title='bbox 2982 1982 3634 2050; x_wconf 74' lang='lat' dir='ltr'><strong>SENTENTIA</strong></span> <span class='ocrx_word' id='word_1_313' title='bbox 3711 1981 3803 2051; x_wconf 75' lang='grc' dir='ltr'><strong>Η.</strong></span> 
     </span>
     <span class='ocr_line' id='line_1_56' title="bbox 3220 2150 3574 2242; baseline -0.011 -24"><span class='ocrx_word' id='word_1_314' title='bbox 3220 2171 3385 2242; x_wconf 74' lang='lat' dir='ltr'><strong>quae</strong></span> <span class='ocrx_word' id='word_1_315' title='bbox 3445 2150 3574 2215; x_wconf 82' lang='lat' dir='ltr'><strong>fuit</strong></span> 
     </span>
    </p>
   </div>
   <div class='ocr_carea' id='block_1_17' title="bbox 2859 2318 3924 2390">
    <p class='ocr_par' dir='ltr' id='par_1_18' title="bbox 2859 2318 3924 2390">
     <span class='ocr_line' id='line_1_57' title="bbox 2859 2318 3924 2390; baseline -0.004 -5"><span class='ocrx_word' id='word_1_316' title='bbox 2859 2318 3296 2390; x_wconf 74' lang='lat' dir='ltr'><strong>NICOLAI</strong></span> <span class='ocrx_word' id='word_1_317' title='bbox 3381 2319 3924 2385; x_wconf 77' lang='lat' dir='ltr'>TOINABDI.</span> 
     </span>
    </p>
   </div>
   <div class='ocr_carea' id='block_1_18' title="bbox 2651 2499 4136 2708">
    <p class='ocr_par' dir='ltr' id='par_1_19' title="bbox 2651 2499 4136 2708">
     <span class='ocr_line' id='line_1_58' title="bbox 2651 2499 4136 2610; baseline -0.003 -19"><span class='ocrx_word' id='word_1_318' title='bbox 2651 2525 3026 2591; x_wconf 63' lang='lat' dir='ltr'><strong>stibum’es’a</strong></span> <span class='ocrx_word' id='word_1_319' title='bbox 3078 2538 3368 2609; x_wconf 80' lang='lat' dir='ltr'><strong>potestas</strong></span> <span class='ocrx_word' id='word_1_320' title='bbox 3427 2533 3739 2591; x_wconf 65' lang='lat' dir='ltr'><strong>renovata</strong></span> <span class='ocrx_word' id='word_1_321' title='bbox 3793 2499 4136 2610; x_wconf 65' lang='grc' dir='ltr'><strong>ᾳιιοΐαπηίε</strong></span> 
     </span>
     <span class='ocr_line' id='line_1_59' title="bbox 2915 2630 3855 2708; baseline -0.003 -17"><span class='ocrx_word' id='word_1_322' title='bbox 2915 2630 3062 2708; x_wconf 73' lang='lat' dir='ltr'><strong>suit</strong></span> <span class='ocrx_word' id='word_1_323' title='bbox 3108 2631 3225 2692; x_wconf 81' lang='lat' dir='ltr'>W.</span> <span class='ocrx_word' id='word_1_324' title='bbox 3270 2632 3418 2692; x_wconf 72' lang='lat' dir='ltr'><strong>idus</strong></span> <span class='ocrx_word' id='word_1_325' title='bbox 3459 2631 3855 2692; x_wconf 76' lang='lat' dir='ltr'><strong>Decembres.</strong></span> 
     </span>
    </p>
   </div>
   <div class='ocr_carea' id='block_1_19' title="bbox 2635 2828 4150 4238">
    <p class='ocr_par' dir='ltr' id='par_1_20' title="bbox 2635 2828 4150 4238">
     <span class='ocr_line' id='line_1_60' title="bbox 2715 2828 4140 2907; baseline -0.001 -13"><span class='ocrx_word' id='word_1_326' title='bbox 2715 2832 3093 2898; x_wconf 78' lang='lat' dir='ltr'><strong>-‘N&#39;imirum</strong></span> <span class='ocrx_word' id='word_1_327' title='bbox 3140 2831 3504 2907; x_wconf 79' lang='lat' dir='ltr'><strong>existimat,</strong></span> <span class='ocrx_word' id='word_1_328' title='bbox 3572 2830 3994 2896; x_wconf 88' lang='lat' dir='ltr'><strong>coustitutum</strong></span> <span class='ocrx_word' id='word_1_329' title='bbox 4039 2828 4140 2893; x_wconf 79' lang='lat' dir='ltr'><strong>fu·</strong></span> 
     </span>
     <span class='ocr_line' id='line_1_61' title="bbox 2641 2932 4137 3025; baseline -0.001 -29"><span class='ocrx_word' id='word_1_330' title='bbox 2641 2932 2771 2997; x_wconf 79' lang='lat' dir='ltr'><strong>isse</strong></span> <span class='ocrx_word' id='word_1_331' title='bbox 2828 2935 3373 3022; x_wconf 72' lang='lat' dir='ltr'><strong>imperatoribus,</strong></span> <span class='ocrx_word' id='word_1_332' title='bbox 3435 2948 3508 3001; x_wconf 88' lang='lat' dir='ltr'><strong>ut</strong></span> <span class='ocrx_word' id='word_1_333' title='bbox 3551 2955 3942 3025; x_wconf 75' lang='lat' dir='ltr'><strong>quocunque</strong></span> <span class='ocrx_word' id='word_1_334' title='bbox 3987 2933 4137 2997; x_wconf 88' lang='lat' dir='ltr'><strong>anni</strong></span> 
     </span>
     <span class='ocr_line' id='line_1_62' title="bbox 2644 3033 4139 3123; baseline 0.001 -27"><span class='ocrx_word' id='word_1_335' title='bbox 2644 3033 2753 3098; x_wconf 82' lang='lat' dir='ltr'><strong>die</strong></span> <span class='ocrx_word' id='word_1_336' title='bbox 2817 3037 2962 3123; x_wconf 74' lang='lat' dir='ltr'><strong>quis</strong></span> <span class='ocrx_word' id='word_1_337' title='bbox 3017 3037 3169 3100; x_wconf 87' lang='lat' dir='ltr'><strong>trib.</strong></span> <span class='ocrx_word' id='word_1_338' title='bbox 3226 3049 3617 3121; x_wconf 85' lang='lat' dir='ltr'><strong>potestatem</strong></span> <span class='ocrx_word' id='word_1_339' title='bbox 3681 3036 4000 3120; x_wconf 80' lang='lat' dir='ltr'><strong>suscepit,</strong></span> <span class='ocrx_word' id='word_1_340' title='bbox 4062 3056 4139 3097; x_wconf 87' lang='lat' dir='ltr'><strong>ea</strong></span> 
     </span>
     <span class='ocr_line' id='line_1_63' title="bbox 2641 3137 4137 3225; baseline 0.003 -27"><span class='ocrx_word' id='word_1_341' title='bbox 2641 3137 2708 3199; x_wconf 90' lang='lat' dir='ltr'><strong>in</strong></span> <span class='ocrx_word' id='word_1_342' title='bbox 2754 3140 3107 3201; x_wconf 65' lang='lat' dir='ltr'><strong>secuutlam</strong></span> <span class='ocrx_word' id='word_1_343' title='bbox 3149 3139 3466 3224; x_wconf 81' lang='lat' dir='ltr'><strong>migraret</strong></span> <span class='ocrx_word' id='word_1_344' title='bbox 3501 3141 3814 3225; x_wconf 72' lang='lat' dir='ltr'><strong>proximo</strong></span> <span class='ocrx_word' id='word_1_345' title='bbox 3868 3139 3978 3202; x_wconf 81' lang='lat' dir='ltr'><strong>die</strong></span> <span class='ocrx_word' id='word_1_346' title='bbox 4022 3139 4137 3207; x_wconf 86' lang='lat' dir='ltr'>lv.</span> 
     </span>
     <span class='ocr_line' id='line_1_64' title="bbox 2643 3238 4144 3324; baseline 0.001 -24"><span class='ocrx_word' id='word_1_347' title='bbox 2643 3238 2788 3302; x_wconf 84' lang='lat' dir='ltr'><strong>idus</strong></span> <span class='ocrx_word' id='word_1_348' title='bbox 2829 3240 3276 3316; x_wconf 72' lang='lat' dir='ltr'><strong>Decembres,</strong></span> <span class='ocrx_word' id='word_1_349' title='bbox 3321 3239 3521 3324; x_wconf 85' lang='lat' dir='ltr'><strong>idque</strong></span> <span class='ocrx_word' id='word_1_350' title='bbox 3565 3240 3996 3305; x_wconf 83' lang='lat' dir='ltr'><strong>nibilominus</strong></span> <span class='ocrx_word' id='word_1_351' title='bbox 4042 3261 4144 3303; x_wconf 74' lang='lat' dir='ltr'><strong>va-</strong></span> 
     </span>
     <span class='ocr_line' id='line_1_65' title="bbox 2635 3341 4150 3426; baseline -0.001 -21"><span class='ocrx_word' id='word_1_352' title='bbox 2635 3341 2851 3418; x_wconf 76' lang='lat' dir='ltr'><strong>leret,</strong></span> <span class='ocrx_word' id='word_1_353' title='bbox 2912 3342 3038 3405; x_wconf 90' lang='lat' dir='ltr'><strong>etsi</strong></span> <span class='ocrx_word' id='word_1_354' title='bbox 3096 3342 3458 3404; x_wconf 80' lang='lat' dir='ltr'><strong>tribunatus</strong></span> <span class='ocrx_word' id='word_1_355' title='bbox 3501 3347 3551 3404; x_wconf 90' lang='lat'>1.</span> <span class='ocrx_word' id='word_1_356' title='bbox 3597 3360 3963 3426; x_wconf 83' lang='lat' dir='ltr'><strong>paucorum</strong></span> <span class='ocrx_word' id='word_1_357' title='bbox 4010 3353 4150 3404; x_wconf 81' lang='lat' dir='ltr'><strong>tan-</strong></span> 
     </span>
     <span class='ocr_line' id='line_1_66' title="bbox 2640 3439 4142 3534; baseline -0.001 -28"><span class='ocrx_word' id='word_1_358' title='bbox 2640 3457 2782 3506; x_wconf 87' lang='lat' dir='ltr'><strong>tum</strong></span> <span class='ocrx_word' id='word_1_359' title='bbox 2826 3454 3004 3504; x_wconf 85' lang='lat' dir='ltr'><strong>esset</strong></span> <span class='ocrx_word' id='word_1_360' title='bbox 3046 3439 3324 3503; x_wconf 79' lang='lat' dir='ltr'><strong>dierum.</strong></span> <span class='ocrx_word' id='word_1_361' title='bbox 3405 3439 3568 3534; x_wconf 71' lang='lat' dir='ltr'><strong>Quo</strong></span> <span class='ocrx_word' id='word_1_362' title='bbox 3616 3442 3902 3507; x_wconf 82' lang='lat' dir='ltr'><strong>admisso</strong></span> <span class='ocrx_word' id='word_1_363' title='bbox 3940 3440 4142 3506; x_wconf 74' lang='lat' dir='ltr'><strong>facile</strong></span> 
     </span>
     <span class='ocr_line' id='line_1_67' title="bbox 2643 3541 4143 3630; baseline 0.001 -25"><span class='ocrx_word' id='word_1_364' title='bbox 2643 3562 2818 3606; x_wconf 76' lang='lat' dir='ltr'><strong>saue’</strong></span> <span class='ocrx_word' id='word_1_365' title='bbox 2859 3556 2998 3620; x_wconf 87' lang='lat' dir='ltr'><strong>est,</strong></span> <span class='ocrx_word' id='word_1_366' title='bbox 3059 3541 3434 3625; x_wconf 75' lang='lat' dir='ltr'><strong>Elagabali,</strong></span> <span class='ocrx_word' id='word_1_367' title='bbox 3499 3557 3575 3606; x_wconf 87' lang='lat' dir='ltr'><strong>ut</strong></span> <span class='ocrx_word' id='word_1_368' title='bbox 3641 3544 3838 3630; x_wconf 83' lang='lat' dir='ltr'><strong>hujus</strong></span> <span class='ocrx_word' id='word_1_369' title='bbox 3899 3545 4143 3608; x_wconf 80' lang='lat' dir='ltr'><strong>iterum</strong></span> 
     </span>
     <span class='ocr_line' id='line_1_68' title="bbox 2644 3638 4141 3730; baseline 0.001 -25"><span class='ocrx_word' id='word_1_370' title='bbox 2644 3644 2951 3727; x_wconf 84' lang='lat' dir='ltr'><strong>exemplo</strong></span> <span class='ocrx_word' id='word_1_371' title='bbox 2994 3659 3177 3722; x_wconf 88' lang='lat' dir='ltr'><strong>utar,</strong></span> <span class='ocrx_word' id='word_1_372' title='bbox 3223 3638 3619 3707; x_wconf 81' lang='lat' dir='ltr'><strong>tribunatum</strong></span> <span class='ocrx_word' id='word_1_373' title='bbox 3650 3646 3737 3716; x_wconf 80' lang='lat' dir='ltr'><strong>V.</strong></span> <span class='ocrx_word' id='word_1_374' title='bbox 3781 3645 4141 3730; x_wconf 71' lang='lat' dir='ltr'><strong>explicare.</strong></span> 
     </span>
     <span class='ocr_line' id='line_1_69' title="bbox 2641 3746 4146 3834; baseline 0.002 -24"><span class='ocrx_word' id='word_1_375' title='bbox 2641 3747 2807 3811; x_wconf 87' lang='lat' dir='ltr'><strong>Nam</strong></span> <span class='ocrx_word' id='word_1_376' title='bbox 2867 3765 3016 3809; x_wconf 88' lang='lat' dir='ltr'><strong>cum</strong></span> <span class='ocrx_word' id='word_1_377' title='bbox 3072 3746 3140 3807; x_wconf 88' lang='lat' dir='ltr'><strong>iu</strong></span> <span class='ocrx_word' id='word_1_378' title='bbox 3197 3746 3580 3831; x_wconf 85' lang='lat' dir='ltr'><strong>imperium,</strong></span> <span class='ocrx_word' id='word_1_379' title='bbox 3645 3760 3716 3811; x_wconf 88' lang='lat' dir='ltr'><strong>et</strong></span> <span class='ocrx_word' id='word_1_380' title='bbox 3755 3748 3915 3814; x_wconf 91' lang='lat' dir='ltr'><strong>trib.</strong></span> <span class='ocrx_word' id='word_1_381' title='bbox 3957 3762 4146 3834; x_wconf 86' lang='lat' dir='ltr'><strong>pote-</strong></span> 
     </span>
     <span class='ocr_line' id='line_1_70' title="bbox 2641 3836 4143 3936; baseline 0.001 -25"><span class='ocrx_word' id='word_1_382' title='bbox 2641 3836 2874 3913; x_wconf 77' lang='lat' dir='ltr'><strong>statem</strong></span> <span class='ocrx_word' id='word_1_383' title='bbox 2909 3847 3271 3911; x_wconf 78' lang='lat' dir='ltr'><strong>&#39;involasset</strong></span> <span class='ocrx_word' id='word_1_384' title='bbox 3318 3868 3541 3913; x_wconf 86' lang='lat' dir='ltr'><strong>mense</strong></span> <span class='ocrx_word' id='word_1_385' title='bbox 3571 3847 3747 3930; x_wconf 79' lang='lat' dir='ltr'><strong>Majo</strong></span> <span class='ocrx_word' id='word_1_386' title='bbox 3776 3850 3859 3919; x_wconf 87' lang='lat' dir='ltr'><strong>V.</strong></span> <span class='ocrx_word' id='word_1_387' title='bbox 3890 3852 3964 3915; x_wconf 88' lang='lat' dir='ltr'>C.</span> <span class='ocrx_word' id='word_1_388' title='bbox 3994 3872 4143 3936; x_wconf 70' lang='lat'><strong>971,</strong></span> 
     </span>
     <span class='ocr_line' id='line_1_71' title="bbox 2644 3949 4148 4032; baseline 0.001 -18"><span class='ocrx_word' id='word_1_389' title='bbox 2644 3949 2881 4014; x_wconf 82' lang='lat' dir='ltr'><strong>eodem</strong></span> <span class='ocrx_word' id='word_1_390' title='bbox 2937 3949 3152 4015; x_wconf 79' lang='lat' dir='ltr'><strong>adhuc</strong></span> <span class='ocrx_word' id='word_1_391' title='bbox 3212 3970 3381 4013; x_wconf 88' lang='lat' dir='ltr'><strong>anno</strong></span> <span class='ocrx_word' id='word_1_392' title='bbox 3425 3952 3541 4020; x_wconf 88' lang='lat' dir='ltr'><strong>IV.</strong></span> <span class='ocrx_word' id='word_1_393' title='bbox 3602 3949 3963 4032; x_wconf 44' lang='lat' dir='ltr'><strong>idus-Dec.</strong></span> <span class='ocrx_word' id='word_1_394' title='bbox 4019 3952 4148 4015; x_wconf 80' lang='lat' dir='ltr'><strong>fuit</strong></span> 
     </span>
     <span class='ocr_line' id='line_1_72' title="bbox 2644 4051 4141 4138; baseline 0.001 -21"><span class='ocrx_word' id='word_1_395' title='bbox 2644 4055 2787 4119; x_wconf 77' lang='grc' dir='ltr'><strong>ΤΒ.</strong></span> <span class='ocrx_word' id='word_1_396' title='bbox 2831 4054 3076 4131; x_wconf 36' lang='lat' dir='ltr'>P.*11.,</span> <span class='ocrx_word' id='word_1_397' title='bbox 3151 4052 3389 4115; x_wconf 85' lang='lat' dir='ltr'><strong>eodem</strong></span> <span class='ocrx_word' id='word_1_398' title='bbox 3435 4051 3545 4114; x_wconf 83' lang='lat' dir='ltr'><strong>die</strong></span> <span class='ocrx_word' id='word_1_399' title='bbox 3591 4053 3742 4115; x_wconf 87' lang='lat' dir='ltr'><strong>anni</strong></span> <span class='ocrx_word' id='word_1_400' title='bbox 3785 4072 3934 4138; x_wconf 71' lang='lat'><strong>97⁸·</strong></span> <span class='ocrx_word' id='word_1_401' title='bbox 3994 4055 4141 4119; x_wconf 78' lang='grc' dir='ltr'><strong>ΤΒ.</strong></span> 
     </span>
     <span class='ocr_line' id='line_1_73' title="bbox 2641 4150 4144 4238; baseline -0.001 -19"><span class='ocrx_word' id='word_1_402' title='bbox 2641 4156 2717 4233; x_wconf 79' lang='lat' dir='ltr'>P.</span> <span class='ocrx_word' id='word_1_403' title='bbox 2779 4156 2931 4231; x_wconf 74' lang='lat' dir='ltr'><strong>HL,</strong></span> <span class='ocrx_word' id='word_1_404' title='bbox 2995 4154 3141 4238; x_wconf 84' lang='grc'><strong>973.</strong></span> <span class='ocrx_word' id='word_1_405' title='bbox 3202 4155 3344 4220; x_wconf 81' lang='grc' dir='ltr'><strong>ΤΒ.</strong></span> <span class='ocrx_word' id='word_1_406' title='bbox 3407 4150 3484 4217; x_wconf 80' lang='grc' dir='ltr'><strong>Ρ.</strong></span> <span class='ocrx_word' id='word_1_407' title='bbox 3519 4156 3671 4227; x_wconf 73' lang='lat'>1111.</span> <span class='ocrx_word' id='word_1_408' title='bbox 3734 4174 3811 4217; x_wconf 86' lang='lat' dir='ltr'><strong>ac</strong></span> <span class='ocrx_word' id='word_1_409' title='bbox 3873 4153 4144 4219; x_wconf 83' lang='lat' dir='ltr'><strong>demum</strong></span> 
     </span>
    </p>
   </div>
   <div class='ocr_carea' id='block_1_20' title="bbox 2627 4254 4143 4343">
    <p class='ocr_par' dir='ltr' id='par_1_21' title="bbox 2627 4254 4143 4343">
     <span class='ocr_line' id='line_1_74' title="bbox 2627 4254 4143 4343; baseline 0.022 -56"><span class='ocrx_word' id='word_1_410' title='bbox 2627 4266 2796 4343; x_wconf 51' lang='lat'><strong>974·</strong></span> <span class='ocrx_word' id='word_1_411' title='bbox 2839 4258 2981 4320; x_wconf 57' lang='grc' dir='ltr'><strong>ΤΒ,</strong></span> <span class='ocrx_word' id='word_1_412' title='bbox 3026 4259 3113 4322; x_wconf 76' lang='grc' dir='ltr'><strong>Ρ,’</strong></span> <span class='ocrx_word' id='word_1_413' title='bbox 3145 4258 3265 4333; x_wconf 78' lang='lat' dir='ltr'>V„</span> <span class='ocrx_word' id='word_1_414' title='bbox 3329 4275 3456 4339; x_wconf 81' lang='lat' dir='ltr'><strong>qua</strong></span> <span class='ocrx_word' id='word_1_415' title='bbox 3498 4267 3824 4337; x_wconf 70' lang='lat' dir='ltr'><strong>potestate</strong></span> <span class='ocrx_word' id='word_1_416' title='bbox 3865 4254 4143 4321; x_wconf 75' lang='lat' dir='ltr'><strong>labente</strong></span> 
     </span>
    </p>
   </div>
   <div class='ocr_carea' id='block_1_21' title="bbox 2635 4357 4150 4855">
    <p class='ocr_par' dir='ltr' id='par_1_22' title="bbox 2635 4357 4150 4855">
     <span class='ocr_line' id='line_1_75' title="bbox 2640 4357 4143 4443; baseline -0.002 -19"><span class='ocrx_word' id='word_1_417' title='bbox 2640 4379 2869 4424; x_wconf 83' lang='lat' dir='ltr'><strong>caesus</strong></span> <span class='ocrx_word' id='word_1_418' title='bbox 2941 4370 3043 4423; x_wconf 83' lang='lat' dir='ltr'><strong>est</strong></span> <span class='ocrx_word' id='word_1_419' title='bbox 3111 4377 3340 4423; x_wconf 84' lang='lat' dir='ltr'><strong>mense</strong></span> <span class='ocrx_word' id='word_1_420' title='bbox 3401 4357 3644 4421; x_wconf 74' lang='lat' dir='ltr'><strong>Martio</strong></span> <span class='ocrx_word' id='word_1_421' title='bbox 3702 4358 3788 4427; x_wconf 87' lang='lat' dir='ltr'><strong>V.</strong></span> <span class='ocrx_word' id='word_1_422' title='bbox 3849 4358 3928 4421; x_wconf 85' lang='lat' dir='ltr'>C.</span> <span class='ocrx_word' id='word_1_423' title='bbox 3988 4357 4143 4443; x_wconf 77' lang='lat'>975.</span> 
     </span>
     <span class='ocr_line' id='line_1_76' title="bbox 2636 4456 4147 4551; baseline 0 -27"><span class='ocrx_word' id='word_1_424' title='bbox 2636 4464 2741 4532; x_wconf 84' lang='lat' dir='ltr'><strong>En</strong></span> <span class='ocrx_word' id='word_1_425' title='bbox 2793 4462 2916 4526; x_wconf 88' lang='lat' dir='ltr'><strong>tibi</strong></span> <span class='ocrx_word' id='word_1_426' title='bbox 2971 4461 3333 4523; x_wconf 86' lang='lat' dir='ltr'><strong>tribunatus</strong></span> <span class='ocrx_word' id='word_1_427' title='bbox 3389 4461 3474 4551; x_wconf 87' lang='lat' dir='ltr'><strong>V.</strong></span> <span class='ocrx_word' id='word_1_428' title='bbox 3522 4456 3777 4541; x_wconf 81' lang='lat' dir='ltr'><strong>liquido</strong></span> <span class='ocrx_word' id='word_1_429' title='bbox 3833 4477 4147 4545; x_wconf 82' lang='lat' dir='ltr'><strong>compro·</strong></span> 
     </span>
     <span class='ocr_line' id='line_1_77' title="bbox 2636 4560 4145 4661; baseline -0.002 -33"><span class='ocrx_word' id='word_1_430' title='bbox 2636 4562 2845 4630; x_wconf 79' lang='lat' dir='ltr'><strong>batos.</strong></span> <span class='ocrx_word' id='word_1_431' title='bbox 2931 4561 3110 4661; x_wconf 76' lang='lat' dir='ltr'><strong>Quin</strong></span> <span class='ocrx_word' id='word_1_432' title='bbox 3170 4564 3439 4641; x_wconf 81' lang='lat' dir='ltr'><strong>evenire</strong></span> <span class='ocrx_word' id='word_1_433' title='bbox 3493 4560 3569 4627; x_wconf 88' lang='lat' dir='ltr'><strong>iu</strong></span> <span class='ocrx_word' id='word_1_434' title='bbox 3624 4560 3749 4639; x_wconf 85' lang='lat' dir='ltr'><strong>bae</strong></span> <span class='ocrx_word' id='word_1_435' title='bbox 3809 4562 4145 4626; x_wconf 79' lang='lat' dir='ltr'><strong>sententia</strong></span> 
     </span>
     <span class='ocr_line' id='line_1_78' title="bbox 2635 4662 4148 4751; baseline -0.001 -22"><span class='ocrx_word' id='word_1_436' title='bbox 2635 4678 2889 4751; x_wconf 85' lang='lat' dir='ltr'><strong>potest,</strong></span> <span class='ocrx_word' id='word_1_437' title='bbox 2927 4677 3001 4726; x_wconf 87' lang='lat' dir='ltr'><strong>ut</strong></span> <span class='ocrx_word' id='word_1_438' title='bbox 3045 4674 3252 4729; x_wconf 82' lang='lat' dir='ltr'><strong>annus·</strong></span> <span class='ocrx_word' id='word_1_439' title='bbox 3292 4666 3530 4750; x_wconf 85' lang='lat' dir='ltr'><strong>plenus</strong></span> <span class='ocrx_word' id='word_1_440' title='bbox 3577 4681 3728 4726; x_wconf 85' lang='lat' dir='ltr'><strong>cum</strong></span> <span class='ocrx_word' id='word_1_441' title='bbox 3769 4662 3996 4746; x_wconf 82' lang='lat' dir='ltr'><strong>paucis</strong></span> <span class='ocrx_word' id='word_1_442' title='bbox 4044 4665 4148 4727; x_wconf 88' lang='lat' dir='ltr'><strong>ul-</strong></span> 
     </span>
     <span class='ocr_line' id='line_1_79' title="bbox 2637 4764 4150 4855; baseline -0.002 -22"><span class='ocrx_word' id='word_1_443' title='bbox 2637 4781 2745 4853; x_wconf 58' lang='lat' dir='ltr'><strong>tro</strong></span> <span class='ocrx_word' id='word_1_444' title='bbox 2789 4767 3089 4855; x_wconf 75' lang='lat' dir='ltr'><strong>citroque</strong></span> <span class='ocrx_word' id='word_1_445' title='bbox 3147 4767 3382 4834; x_wconf 80' lang='lat' dir='ltr'><strong>diebus</strong></span> <span class='ocrx_word' id='word_1_446' title='bbox 3438 4764 3701 4833; x_wconf 84' lang='lat' dir='ltr'><strong>tertiam</strong></span> <span class='ocrx_word' id='word_1_447' title='bbox 3756 4765 3910 4832; x_wconf 88' lang='lat' dir='ltr'><strong>trib.</strong></span> <span class='ocrx_word' id='word_1_448' title='bbox 3953 4777 4150 4853; x_wconf 85' lang='lat' dir='ltr'><strong>pote·</strong></span> 
     </span>
    </p>
   </div>
  </div>
 </body>
</html>
