4388 5576
2369 286 2402 303 S

1173 562 1223 609 x
2097 535 2632 611 NOTITIA
2679 532 3347 610 LITERARIA·

1378 706 1643 808 Quoad
1680 726 1943 781 numos
1964 707 2436 780 Romanos
2460 705 2744 779 Eckhel
2778 729 3037 778 novam
3081 701 3304 802 plane
3326 698 3685 778 rationem
3726 715 4162 801 sequutusett.

1174 843 1327 915 Eos
1368 865 1638 940 nempe
1664 842 1743 912 in
1784 866 2048 913 numos
2074 840 2519 914 Consulares
2564 857 2640 912 et
2658 835 3179 939 Imperator-ios
3223 835 3626 911 subdivisit.
3677 836 4163 911 NumiConsu·

1162 973 1439 1063 lares,
1494 975 1625 1071 qui
1673 973 1812 1048 sub
1841 973 2295 1049 Consulibus
2323 974 2502 1047 facti
2541 972 2868 1063 fuerunt,
2911 974 3139 1046 etiam
3163 973 3659 1045 Romanarum
3693 970 3992 1069 gentium
4024 970 4165 1042 numi

1161 1106 1524 1207 appellari
1576 1109 1870 1198 solent,
1925 1109 2100 1208 quia
2152 1107 2464 1182 totidem
2520 1106 2752 1181 series
2805 1104 3369 1181 clarissimarum
3403 1103 3739 1203 gentium
3776 1107 4165 1179 Romanam

1161 1259 1748 1338 repraesentant.
1822 1245 2025 1343 Quos
2080 1260 2378 1332 noster,
2450 1268 2661 1330 cum,
2713 1256 3019 1340 propter
3062 1237 3659 1315 incertitudinem
3698 1239 3848 1328 rei,
3896 1235 4160 1311 methodo

1159 1377 1676 1474 systematica,
1724 1377 1876 1451 sive
1924 1376 2502 1474 chronologica,
2552 1374 2703 1447 sive
2751 1373 2934 1465 alia,
2988 1374 3391 1476 disponere
3437 1398 3591 1447 non
3628 1373 3958 1460 auderet,
3989 1396 4163 1445 exor-

1159 1506 1332 1584 dine
1380 1510 1851 1608 alphabetico
1893 1510 2442 1585 distribuendos
2485 1508 2788 1609 putavit.

1346 1645 1436 1714 In
1495 1645 1734 1717 numis
1775 1644 2491 1744 IImpseratoriis
2557 1638 2987 1714 ordinandis
3049 1641 3175 1717 alii
3220 1640 3649 1716 methodum
3713 1637 4165 1743 alphabeticum,

1152 1759 1918 1873 chronologicam-alii
1965 1780 2181 1878 sequi
2219 1777 2416 1851 soliti
2452 1777 2742 1849 fuerant
2756 1805 2779 1870 3
2833 1776 3221 1850 methodus
3260 1774 3730 1876 alphabetica
3779 1792 4013 1861 tamen,
4053 1769 4166 1868 quia

1149 1905 1333 1977 nihil
1371 1907 1665 1983 luminis
1714 1911 2062 1986 historiae
2105 1911 2578 1985 illustrandae
2644 1910 3000 1999 inferret,
3061 1937 3105 1984 a
3138 1911 3518 2010 ple-risque
3556 1908 3923 1981 derelicta.
3973 1904 4166 1980 Sedne
4259 1944 4260 1947 π

1149 2039 1230 2111 in
1275 2042 1624 2115 methodo
1701 2043 2228 2143 chronologica
2279 2045 2579 2143 quidem
2628 2068 2884 2117 omnes
2928 2044 3188 2117 iisdem
3236 2045 3352 2116 usi
3396 2032 3694 2116 fuerant
3733 2035 4169 2141 principiis,si·

1154 2172 1454 2270 quidem
1492 2177 1740 2249 Occo
1786 2194 1863 2252 et
1895 2178 2549 2251 Mediobarbus
2601 2175 2833 2249 fastos
2872 2181 3277 2265 RomanoS,
3329 2176 3452 2249 alii
3493 2175 3708 2248 aliam
3749 2171 4072 2247 divisionis
4098 2194 4167 2241 rs·

1147 2304 1429 2379 tionem
1464 2309 1761 2409 sequuti
1834 2309 2152 2383 fuerant.
2205 2309 2489 2383 Eclihel
2527 2327 2794 2401 autem,
2830 2309 3194 2410 quidquid
3236 2310 3415 2384 boni
3438 2310 3638 2410 apud
3665 2309 3980 2409 singulos
4020 2317 4164 2389 esset,

1149 2438 1228 2509 in
1271 2457 1596 2540 systema
1660 2468 1876 2516 suum
1923 2443 2424 2543 adoptandum
2468 2445 2770 2542 putavit.

1346 2574 1892 2649 Eckhelianum
1944 2577 2219 2675 itaque
2290 2594 2611 2676 systema
2680 2576 3013 2649 ordinem
3085 2576 3665 2677 geographicum
3738 2571 4164 2672 chronologico

1156 2707 1407 2805 jungit
1461 2725 1537 2780 et
1597 2736 1753 2781 non
1808 2726 2091 2782 tantum
2146 2710 2378 2810 ipsam
2450 2710 2830 2782 scientiam
2895 2708 3471 2783 numismaticam
3530 2726 3948 2810 promovet,
3990 2706 4089 2780 sed
4121 2718 4165 2773 e!
4257 2782 4258 2794 χ

1144 2839 1498 2912 historiae
1538 2842 1930 2940 plurimum
1973 2843 2270 2914 luminis
2320 2842 2584 2915 adfert.
2693 2841 2776 2916 Si
2823 2844 3019 2916 enim
3057 2870 3320 2917 numos
3384 2843 3514 2918 tali
3549 2845 3817 2920 ordine
3853 2841 4166 2919 distributas

1144 2996 1321 3071 prae
1361 2972 1593 3045 oculis
1642 2975 1957 3064 habeas,
2008 2974 2231 3050 facile
2278 2975 2401 3065 fit,
2483 2993 2566 3048 ut
2614 3000 2703 3048 ex
2748 3001 3002 3049 eorum
3056 2977 3249 3078 ser-ie
3283 2979 3656 3076 cujusque
3726 2977 3934 3077 regni
3967 2971 4164 3077 provin·

1146 3103 1297 3178 cias
1355 3123 1434 3180 et
1459 3107 1720 3206 §urbes
1779 3134 2233 3207 cognoscaS,
2298 3108 2839 3183 successionem
2895 3108 3320 3208 principum
3388 3110 3819 3199 edocearis,
3896 3125 3963 3182 et
4009 3104 4163 3179 varios
4255 3161 4256 3170 κ

1147 3239 1301 3312 idio
1324 3241 1532 3314 matis
1590 3241 1836 3315 usitati
1890 3243 2353 3316 characteres
2398 3242 3022 3342 comprehendas‘5
3059 3267 3296 3341 ¹por-ro
3335 3268 3434 3315 ex
3487 3243 3879 3341 opulentia
3928 3240 4166 3335 indigen·

1142 3372 1355 3448 tiave-
1390 3375 1850 3449 metallorum
1914 3377 2459 3475 prosperiorem
2501 3374 3044 3449 miserioremve
3079 3376 3521 3476 populorum
3558 3372 4166 3469 statumintelligsu

1145 3532 1233 3579 ex
1289 3534 1675 3582 numorum
1732 3510 2193 3584 formositate
2260 3511 2375 3583 vel
2432 3508 2904 3581 deformitate
2951 3510 3215 3582 artium
3255 3510 3754 3599 nascentiam,
3802 3524 4167 3611 progressum

1144 3654 1219 3711 et
1282 3639 1564 3741 lapsum
1616 3642 1976 3740 colligas,
2051 3644 2378 3741 denique
2444 3668 2533 3716 ex
2592 3641 3198 3742 inscriptionibus
3240 3644 3795 3742 magistratuum
3845 3642 4088 3726 titulos,
4120 3632 4167 3703 il·

1140 3773 1407 3850 lustres
1456 3778 1687 3864 viros,
1739 3777 1966 3864 ritus,
2044 3777 2259 3848 ludos
2311 3776 2691 3876 publiceS,
2745 3776 2902 3848 dies
2946 3775 3179 3849 festos
3216 3778 3571 3876 Deosque
3613 3796 3693 3853 et
3731 3792 4049 3853 sexcenta
4070 3770 4167 3852 alii,

1144 3931 1335 4002 quac
1417 3907 1511 3980 ad
1550 3908 1956 4006 perfectam
1999 3908 2346 3981 historiae
2387 3909 2887 4007 cognitionem
2924 3907 3249 3999 faciunt,
3296 3910 3727 4009 perspicies-

1361 4038 1587 4114 Hisce
1625 4041 2007 4139 principiis
2052 4043 2336 4115 Echhel
2373 4044 2456 4118 in
2504 4041 3026 4116 distribuendis
3080 4068 3254 4148 usus
3311 4060 3428 4117 est
3462 4044 3705 4120 nurnis
3748 4037 4182 4120 anecdotis

1144 4155 1334 4270 quos
1380 4175 1497 4248 vel
1541 4174 1618 4245 in
1659 4174 1916 4249 Italiae
1939 4176 2218 4248 Museis
2263 4176 2765 4264 adnotaverat,
2816 4175 2934 4248 vel
2987 4175 3345 4250 inMuseo
3366 4177 3797 4254 Viennensi
3823 4180 4174 4255 Caesareo:

1135 4309 1511 4383 lamerai
1550 4308 1878 4398 Duval,
1935 4308 2369 4382 Frohlich
2421 4326 2496 4383 ct
2532 4308 2824 4397 Rhell,
2860 4309 3471 4384 antecessoribus
3533 4312 3712 4401 suis,
3760 4300 4174 4401 nondumeffi·

1135 4457 1254 4514 tos
1299 4442 1925 4548 deprehenderat,
1994 4462 2218 4542 atque
2257 4440 2660 4542 secundum
2697 4460 3018 4543 systema
3055 4468 3266 4516 suum
3322 4445 3403 4517 in
3454 4443 3729 4519 classes
3785 4444 4091 4519 redactos
4126 4446 4172 4503 et

1140 4601 1254 4662 ea,
1313 4602 1457 4673 qua
1499 4578 1814 4669 solebat,
1865 4578 2328 4677 praecisione
2392 4577 2921 4678 diligentiaque
2953 4576 3402 4676 descriptos,
3441 4580 3651 4675 operi
3693 4605 3836 4654 suo
3879 4572 4144 4651 inseruit-

1339 4711 1559 4807 Quod
1601 4737 1787 4811 opus
1832 4711 2139 4785 divisum
2185 4729 2297 4784 est
2338 4711 2415 4782 in
2464 4729 2713 4812 partes
2762 4712 2988 4801 duas,
3036 4737 3343 4810 quarum
3376 4711 3580 4812 prior
3628 4730 3930 4810 practer
3961 4701 4176 4811 praest·

1143 4842 1469 4941 tionem,
1522 4868 1669 4946 qua
1714 4845 2232 4925 numismatica
2266 4862 2522 4923 auctor
2566 4871 2701 4922 sua
2735 4844 2967 4922 refert
3006 4842 3313 4937 itinera,
3369 4846 3945 4948 descriptionem
3984 4857 4174 4917 numo·
