4388 5576
893 593 1051 668 DE
1100 591 1613 669 IOSEPIIO
1679 592 2178 668 HILARIO
2233 591 2711 671 ECRHEL.
3277 615 3354 665 x}

216 758 426 839 ‘rum
469 760 1159 853 anecdotorum,
1210 766 1256 837 i.
1298 792 1362 839 e.
1406 767 1521 839 vel
1584 766 2205 840 ineditorum-vel·
2240 792 2621 865 perperam
2672 761 3194 863 explicatorum
3249 792 3353 843 ex

268 893 605 969 omnibus
654 899 994 993 Europae
1044 902 1388 994 antiquae
1435 902 1647 969 terris
1701 901 2236 994 complectitur.
2306 902 2561 971 Altera
2611 926 2778 995 pars
2827 926 3091 973 numos
3134 903 3359 979 Asino

232 1030 684 1119 ¹,mliii-icae,
734 1048 1117 1128 praeterea
1160 1056 1461 1118 omnes,
1516 1032 1644 1128 qui
1687 1031 1892 1103 dubii
1941 1046 2067 1102 aut
2114 1031 2377 1103 incerti
2407 1048 2620 1117 sunt,
2677 1028 3033 1104 continet.
3089 1035 3171 1105 In
3202 1009 3360 1108 hoc

264 1182 490 1262 opere
533 1163 1105 1235 tamen-Eclihel
1142 1188 1550 1261 perpaucos
1600 1181 1876 1236 tantum
1918 1189 2181 1235 numos
2230 1181 2556 1235 veterum
2602 1167 3108 1238 Romanorum
3159 1168 3357 1242 Con.

248 1293 539 1371 -oulares
578 1314 654 1369 et
679 1296 1194 1393 Imperatorios
1228 1296 1636 1394 descripsit,
1676 1315 1933 1394 utpote
1968 1322 2280 1395 quorum
2319 1297 2829 1396 maximapars
2871 1301 3017 1397 jam
3061 1300 3360 1375 aliunde

262 1428 437 1501 satis
477 1428 775 1527 cognita
836 1444 1051 1501 esset.
1120 1429 1262 1500 Rei
1308 1430 1778 1503 illustrandae
1824 1456 2044 1502 causa
2083 1430 2159 1500 in
2208 1430 2353 1501 fine
2387 1432 2585 1503 XVII
2637 1432 2925 1502 tabulas
2953 1433 3137 1504 'aeri
3176 1434 3361 1508 inci·

261 1586 375 1639 aas
427 1561 755 1663 adjecit,
791 1589 978 1661 quae
1025 1562 1560 1635 multitudinem
1612 1563 2595 1637 numerum-adcuratissime
2650 1564 3195 1639 delineatorum
3243 1593 3361 1640 re·

260 1713 770 1794 praesentant,
824 1713 899 1768 et
946 1720 1038 1769 eo
1078 1694 1242 1793 ipso
1281 1723 1554 1794 genere
1603 1697 1889 1788 meriti,
1940 1698 2141 1794 quod
2188 1700 2266 1769 in
2315 1698 2518 1770 libris
2575 1696 3116 1776 numismaticis
3158 1699 3361 1780 haud

250 1853 424 1902 raro
470 1827 967 1917 desideratur,
1021 1829 1270 1927 operis
1305 1831 1823 1928 praestantiam
1869 1856 2317 1928 magnopere
2365 1848 2661 1927 augent.

453 1964 735 2069 Auctor
779 1938 1053 2050 noster,
1107 1989 1299 2051 cum,
1342 1964 1486 2037 hoc
1512 1965 1959 2037 sublimioris
1993 1964 2276 2060 ingenii
2325 1981 2399 2036 et
2448 1958 2840 2038 doctrinae
2874 1983 3359 2039 monumento

250 2107 550 2185 exstem,
602 2095 870 2168 famam
915 2095 1231 2169 nominis
1292 2100 1408 2171 sui
1462 2107 1540 2170 in
1598 2099 1979 2196 republica
2040 2097 2363 2170 literaria
2410 2098 2558 2193 jam
2623 2124 2904 2171 summe
2955 2093 3360 2189 extulisset,

253 2226 505 2326 paullo
564 2247 736 2328 post
790 2230 1197 2330 speciosius
1242 2232 1485 2304 adhuc
1528 2232 1944 2331 systematis
1988 2231 2118 2304 sui·
2160 2230 2576 2329 exemplum
2625 2232 2956 2305 exhihuit
3016 2233 3093 2303 in
3157 2233 3359 2305 edito

253 2360 611 2459 Catalogo
648 2364 887 2435 Musei
924 2364 1268 2437 Caesarei
1309 2366 1753 2445 Viennensis
1807 2363 1919 2461 a)‚
1974 2364 2179 2462 quod
2232 2390 2383 2435 non
2451 2379 2730 2436 tantum
2774 2366 2866 2437 ad
2916 2366 3151 2439 instar
3193 2368 3359 2437 Mu·

126 2543 135 2549 -
255 2493 362 2565 sei
404 2494 817 2568 Florentini
859 2497 1361 2585 ordinaverat,
1412 2498 1542 2571 sed
1588 2515 1663 2570 et
1703 2497 2119 2597 permagnis
2159 2524 2546 2568 numerum
2596 2497 2961 2571 thesauris
3009 2498 3349 2597 locuple-

251 2644 549 2700 taverat.
602 2631 834 2701 Totus
893 2630 1086 2703 enim
1141 2632 1407 2704 officiis
1467 2630 1787 2703 muneris
1849 2629 1964 2702 sui
2020 2618 2357 2701 addictus
2411 2628 2689 2702 nullam
2750 2633 3348 2729 praetermiserat

253 2761 720 2836 occasionem
762 2764 1001 2838 Musei
1040 2766 1252 2839 novis
1288 2766 1531 2839 numis
1575 2762 1690 2840 vel
1726 2760 2042 2838 *coemtis
2080 2762 2207 2839 vel'
2236 2764 2669 2863 permutatis
2711 2765 3130 2866 ampliandi.
3188 2768 3356 2867 Quo

248 2895 451 2969 facto
498 2915 573 2971 et
610 2923 873 2971 numos
912 2899 1005 2970 ab
1049 2898 1415 2997 lignem
1453 2899 1832 2989 collectos,
1883 2915 1960 2972 et
1995 2923 2262 2970 numos
2297 2900 2823 3005 Imperatorum
2865 2918 3258 2996 argenteos
3313 2926 3355 2972 a

249 3029 520 3102 comite
566 3030 928 3102 Ariosti
980 3050 1377 3127 congestos
1414 3013 1931 3130 adquisiverat.
2011 3032 2218 3130 Quae
2253 3047 2556 3130 propter
2592 3033 2832 3130 ampla
2877 3034 3121 3106 Musei
3164 3033 3353 3107 Cae·

247 3161 440 3234 sarei
479 3162 1087 3235 vindobonensis
1129 3162 1627 3252 incrementa,
1680 3189 1845 3236 cum
1894 3164 2042 3260 jam
2096 3179 2386 3234 veteres
2437 3161 2724 3236 indices
2787 3188 2830 3236 a
2875 3164 3227 3239 Frohlich
3282 3184 3357 3239 et

242 3292 467 3368 Rhell
504 3294 903 3393 conscripti
938 3294 1609 3383 non-sufficerent,
1655 3293 1939 3366 Eclthel
1986 3318 2258 3367 novum
2310 3293 2509 3366 hunc
2550 3296 2981 3394 Catalogum
3023 3296 3354 3372 conden·
3397 3329 3410 3332 “

253 3425 432 3500 dum
475 3426 845 3525 suscepit,
894 3426 1023 3525 qui
1065 3452 1108 3501 a
1146 3427 1549 3525 primordio
1608 3426 1841 3526 solum
1889 3427 2189 3527 quidem
2248 3427 2326 3500 in
2385 3453 2592 3502 usum
2621 3430 2860 3502 Musei
2908 3430 3343 3521 destinatus,

241 3577 511 3661 postea
554 3586 755 3651 vere,
796 3578 1106 3659 urgente
1144 3561 1582 3636 necessitate
1619 3560 1815 3664 typis
1850 3561 2259 3654 mandatus,
2292 3578 2392 3650 et,
2452 3561 2667 3636 sicuti
2701 3564 3157 3662 praecedens
3184 3591 3355 3638 auc·

240 3693 427 3767 toris
464 3693 697 3767 nostri
736 3713 947 3793 opus,
1000 3699 1454 3791 Augustae
1490 3694 2058 3797 Imperatrici
2093 3697 2435 3770 Mariae
2473 3698 2972 3772 'I'heresiae
3035 3697 3347 3787 dicatus,

238 3827 551 3928 publico
590 3829 862 3902 exstitit
922 3828 1390 3918 documento,
1456 3849 1775 3928 quantus
1815 3853 2204 3904 numorum
2243 3833 2372 3903 Au
2394 3827 2666 3929 gusta
2689 3858 2729 3905 e
2766 3832 3205 3907 liberalitate
3236 3858 3354 3906 ac·

238 3964 595 4039 crevisset
637 3961 1062 4054 thesaurus,
1115 3983 1543 4064 quantaque
1580 3982 1777 4037 esset
1809 3963 2152 4041 Caesarei
2181 3965 2628 4040 Viennensis
2664 3968 2903 4041 Musei
2939 3966 3340 4066 opulentia.

230 4099 496 4196 Itaque
535 4096 1017 4199 Ecltheljuro
1052 4100 1406 4189 asseruit,
1458 4097 1741 4174 nullum
1786 4103 2129 4199 Europae
2162 4078 2497 4174 Museurn
2564 4101 2889 4173 conferri
2930 4124 3148 4198 posse
3173 4100 3352 4174 Vin·

236 4232 659 4308 dobonensi
688 4234 1100 4324 Caesareo,
1149 4233 1294 4307 nisi
1334 4234 1529 4308 forte
1572 4234 2019 4322 Parisinum,
2073 4232 2276 4332 quod
2318 4234 2695 4308 immensis
2743 4234 3010 4336 opibus
3059 4248 3350 4305 tantum

229 4364 705 4455 inclaruerit,
754 4385 836 4440 ut
895 4393 1066 4468 spes
1125 4366 1239 4442 vix
1303 4366 1620 4468 supersit
1648 4420 1670 4456 ,
1762 4393 2229 4467 quacumque
2288 4384 2527 4441 aetate
2580 4384 2707 4442 aut
2761 4368 3351 4466 quibuscumque

233 4498 662 4599 sumptibus
720 4500 884 4600 ejus
924 4525 1145 4602 posse
1186 4503 1650 4602 aequiparari
1687 4502 2244 4601 praestantiam.-
2299 4500 2581 4576 Eckhel
2621 4502 2970 4600 catalogo
3017 4527 3154 4575 suo
3183 4505 3350 4577 VIII

254 4766 374 4837 μι)
416 4761 736 4839 Catalogus
770 4762 959 4820 Musei
993 4764 1268 4821 Caesarei
1297 4765 1782 4826 vindobonensis
1825 4785 2139 4825 numerum
2188 4778 2494 4835 veterum,
2535 4764 2880 4824 distributus
2926 4768 2986 4822 in
3033 4778 3232 4841 partes
3270 4765 3345 4823 11.

420 4877 667 4937 quarum
692 4858 867 4933 prior
892 4872 1186 4918 monetam
1216 4860 1486 4932 urbium,
1523 4861 1918 4940 populorum,
1958 4882 2194 4941 regum,
2236 4862 2419 4921 altera
2450 4863 2853 4922 Romanorum
2904 4860 3343 4937 complectitur-

423 4955 819 5016 Vindobonae
854 4968 1013 5031 ¹⁷79·
1059 4957 1229 5016 Tomi
1258 4958 1333 5026 Π.
1363 4961 1425 5019 in
1451 4957 1617 5018 solio.

2440 5073 2550 5144 ba
