4388 5576
1057 449 1204 519 280

1063 584 1318 682 ridi-um
1376 610 1539 676 illud
1597 606 2116 673 notas.rel'erre.
2204 608 2316 671 Sin
2366 610 2560 685 istud,

1067 722 1312 782 vellem
1364 718 1669 777 idoneam
1727 734 1979 775 causam
2031 712 2209 789 dari,
2271 732 2388 775 cur
2433 736 2560 776 ma·

1066 824 1271 886 luerit
1308 819 1702 883 monetarius
1741 836 2228 898 monogramma
2266 814 2437 877 istud
2473 816 2562 876 al-

1065 940 1214 989 tero
1255 924 1517 997 labore,
1565 934 1631 982 et
1663 920 1727 980 in
1764 917 2033 1001 singulis
2069 916 2331 1002 quidem
2372 937 2562 1000 repe-

1064 1030 1218 1099 tito,
1274 1024 1631 1086 introrsum
1675 1022 2006 1103 scalpere,
2068 1042 2258 1104 quam
2306 1040 2560 1096 curare,

1064 1128 1240 1215 quod
1286 1129 1448 1190 alias
1494 1127 1558 1186 in
1602 1122 1917 1186 similibus
1969 1124 2139 1185 notis
2185 1137 2563 1184 constanter

1063 1232 1311 1293 factum
1358 1229 1690 1301 novimus,
1754 1241 1826 1288 ut
1874 1227 2000 1307 jam
2053 1227 2381 1309 principio
2429 1236 2559 1290 ma-

1064 1334 1216 1396 trici
1248 1333 1636 1413 insculptum
1670 1330 2062 1392 succedente
2099 1327 2373 1391 subinde
2405 1328 2561 1391 mal·

1061 1435 1173 1497 leo
1224 1455 1386 1516 opus
1434 1447 1692 1494 exstans
1736 1428 2052 1492 efficeret.
2142 1431 2560 1510 Monogram·

1063 1558 1167 1599 ma
1222 1556 1379 1613 reg-o
1432 1522 1605 1595 istud
1656 1532 1971 1594 confecto·
2011 1532 2139 1611 jam
2188 1553 2425 1608 numo,
2469 1545 2560 1595 at·-

1066 1659 1194 1721 que
1243 1637 1445 1711 adeo,
1492 1634 1669 1719 quod
1719 1634 1889 1709 dixi,
1929 1637 2138 1698 altero
2185 1628 2430 1698 labore
2462 1634 2559 1696 fu·

1061 1744 1196 1804 isse
1253 1723 1620 1808 inductum,
1668 1757 1749 1797 eo
1800 1752 2009 1818 patet,
2057 1738 2233 1821 quod
2281 1739 2347 1798 in
2400 1756 2560 1799 non·

1060 1844 1259 1906 nullis
1295 1843 1507 1925 ipsum
1553 1839 1793 1902 collum
1841 1843 2035 1922 positi
2082 1841 2259 1922 juxta
2306 1839 2556 1920 capitis,

1065 1966 1142 2009 ac
1192 1926 1421 2027 peetus
1475 1940 1805 2025 pervadit,
1849 1958 2034 2006 certo
2081 1943 2324 2005 indicio
2371 1960 2560 2005 revo-

1069 2047 1194 2110 cati
1234 2048 1312 2108 ad
1358 2065 1519 2128 opus
1558 2044 1772 2119 numi,
1822 2058 1887 2106 ut
1934 2043 2098 2107 adeo
2137 2065 2270 2107 non
2306 2043 2434 2104 sint
2477 2063 2560 2104 ex

1063 2170 1289 2212 earum
1346 2160 1645 2210 notarum
1699 2156 1981 2229 genere,
2062 2168 2218 2229 quas
2276 2157 2560 2206 moneta·

959 2308 964 2315 .
1062 2253 1314 2314 riorum
1344 2250 1779 2332 appellamus,
1827 2249 1942 2310 sed
1977 2267 2231 2323 earum,
2278 2269 2433 2331 quas
2464 2252 2561 2332 ia·

1062 2376 1286 2428 cusas,
1333 2366 1400 2414 et
1449 2371 1596 2440 cum
1648 2348 1853 2410 Gallis
1898 2361 2407 2434 concremat-ques
2449 2370 2560 2414 vo.

1063 2473 1317 2531 camus,
1364 2453 1447 2515 de
1500 2452 1731 2535 quibus
1782 2451 1891 2533 egi
1936 2451 2271 2514 volumine
2314 2453 2359 2516 1.
2410 2468 2557 2533 pag.

1066 2559 1265 2623 CVII.
1357 2554 1654 2635 Conjecit
1711 2554 2265 2636 Cannegieterus,
2324 2553 2444 2616 has
2486 2552 2562 2614 li·

1063 2673 1241 2722 teras
1292 2654 1660 2740 significare
1713 2668 1908 2739 posse
1968 2658 2201 2718 Palma
2248 2657 2558 2732 Emerita,

1063 2764 1170 2828 vel
1221 2763 1524 2825 Praemia
1570 2759 1890 2835 Emerita,
1953 2759 2060 2820 vel
2107 2758 2396 2821 Prae-mii
2441 2757 2561 2820 Er-

1058 2889 1146 2950 9⁰
1179 2870 1262 2947 ι).
1349 2859 1676 2924 Invalidae
1719 2869 1872 2922 sane
1914 2861 2355 2942 conjecturae.
2444 2861 2561 2923 Se-

1060 2968 1198 3031 rius
1245 2966 1457 3050 ipsum
1506 2963 1634 3025 hoc
1685 2982 2187 3046 monogramma·
2221 2962 2354 3023 ΕΡ.
2405 2962 2561 3024 scri·

1024 3084 1244 3156 ,ptum
1292 3067 1516 3153 reperi
1556 3065 1733 3148 juxta
1784 3086 2275 3147 monogramma
2315 3065 2590 3127 Christi*

1064 3189 1130 3234 et
1160 3173 1416 3256 palmae
1443 3189 1693 3232 ramum
1728 3168 1793 3230 in
1825 3169 2061 3231 lamina
2085 3189 2321 3241 aenea,
2369 3186 2582 3250 quam·

1065 3275 1271 3337 edidit
1310 3273 1660 3356 Pignorius
1696 3272 1762 3333 in
1800 3291 1918 3336 suo
1963 3273 2047 3334 de
2085 3270 2294 3335 servis
2331 3287 2559 3350 opere.

1067 3379 1290 3472 Quare
1339 3397 1486 3440 cum
1536 3375 1662 3439 hae
1702 3375 1934 3438 literae
1983 3376 2119 3439 ΕΡ.
2168 3372 2275 3437 vel
2319 3370 2451 3433 1³13.
2493 3371 2558 3430 in

1061 3481 1194 3544 hoc
1240 3492 1661 3543 monumento
1710 3477 2059 3561 jungantur
2114 3496 2264 3539 cum
2309 3475 2560 3557 palmae

1060 3602 1280 3658 ramo,
1319 3583 1386 3644 in
1420 3579 1639 3642 multis
1685 3600 1845 3644 vero
1885 3575 2309 3642 contorniutis
2342 3577 2407 3637 in
2444 3575 2558 3638 bu-

1062 3686 1166 3766 jus
1220 3682 1384 3746 rami
1444 3684 1624 3747 vices
1682 3681 2071 3758 succedant,
2150 3679 2389 3762 conjici
2445 3697 2558 3761 po-

1063 3800 1226 3864 test,
1272 3806 1382 3848 eas
1430 3783 1672 3869 aliquid
1718 3784 1799 3846 ad
1847 3771 2184 3849 victoriam
2221 3781 2558 3863 pertinens

1066 3883 1456 3971 significare.

1110 4083 1121 4098 ²
1196 4091 1305 4154 111.
1351 4089 1604 4154 Omnes
1649 4100 1797 4151 sunt
1841 4107 1924 4150 ex
1970 4105 2161 4164 act-e,
2207 4108 2419 4176 eoque
2450 4111 2554 4155 va·

1067 4193 1190 4258 rio.
1278 4192 1486 4257 Aurei
1545 4189 1974 4280 argentcique
2038 4190 2230 4273 hujus
2291 4193 2555 4275 generis

1065 4292 1292 4382 ignoti.

2093 422 3122 558 PSEVDoMONETA.

2795 612 2915 678 tv.
2958 612 3286 681 Volumen
3324 609 3402 675 iis
3444 610 3615 676 idem
3659 627 3793 693 est,
3839 618 4006 704 quod·
4035 641 4133 684 nn-

2677 715 2799 777 mis
2850 716 3112 777 maximi
3171 714 3448 789 moduli,
3496 717 3614 780 sed
3659 717 3964 783 deficiunt.
3997 744 4136 805 1²0⁰·

2677 813 2872 891 dere,
2919 838 3066 880 nam
3102 818 3274 879 aeris
3308 832 3455 881 sunt
3489 820 3698 880 minus
3723 824 3948 885 crassi.
3992 826 4136 887 Sunt

2677 931 2892 981 tamen
2927 919 3256 994 nonnulli,
3304 920 3426 983 etsi
3466 921 3812 987 admodum
3847 924 3999 1000 rari,
4040 946 4138 990 vo·

2676 1022 2937 1083 luminis
2984 1022 3316 1097 arctioris,
3365 1036 3431 1084 et
3465 1024 3636 1087 aeris
3672 1027 3964 1088 nonnihil
3989 1008 4138 1091 cras·

2678 1124 2900 1197 sioris,
2946 1125 3171 1206 quales
3210 1137 3354 1184 sunt
3393 1124 3476 1201 ii,
3522 1146 3682 1208 quos
3717 1128 3940 1191 Italico
3975 1128 4138 1191 voca&

2674 1221 2831 1286 bulo
2905 1230 3405 1308 medaylioncim'
3474 1228 3897 1312 appellamus.
3978 1211 4135 1292 Talis

2677 1340 2776 1388 est
2823 1325 2888 1385 in
2933 1347 3162 1388 museo
3211 1331 3532 1391 Caesareo
3582 1351 3815 1391 numus
3859 1333 4138 1395 Constan-

2675 1428 2793 1490 tini
2849 1430 2977 1505 M„
3054 1430 3170 1492 sed
3229 1451 3425 1514 quem
3484 1431 3880 1516 insculptum
3939 1450 4141 1494 mono·

2677 1552 2964 1614 gramme
3003 1532 3135 1607 ΕΡ.
3183 1548 3432 1596 certum
3476 1536 3951 1597 contornia‘tum
3984 1532 4141 1596 facit.

2675 1631 3022 1694 Insolentis
3080 1636 3430 1700 voluminis
3491 1658 3689 1697 unum
3756 1658 3900 1699 cum
3952 1637 4140 1719 capite

2670 1736 2813 1798 Pla.
2843 1734 3279 1805 Valentiniani
3310 1758 3390 1801 ex
3421 1728 3648 1800 museo
3682 1742 3949 1820 reginae
3979 1738 4144 1802 Chri·

2675 1838 2881 1914 atinae
2948 1854 3099 1922 post
3157 1840 3323 1904 alios
3384 1839 3590 1902 edidit
3656 1844 4142 1925 Havercampus.

2676 1941 2897 2025 (Num.
2941 1940 3082 2023 56.)

2775 2144 2886 2231 „Vss
2933 2144 3273 2210 Fabricam
3333 2147 3458 2223 sibi
3518 2146 3759 2211 habent
3817 2146 4145 2235 propriam,

2674 2246 2902 2330 figuris
2962 2249 3207 2334 planis,
3290 2271 3649 2334 parumque
3714 2268 3762 2316 e'
3824 2249 4146 2335 superficie

2677 2351 3231 2433 prominentibus,
3275 2352 3585 2415 nimirum
3632 2354 3846 2436 quod,
3890 2366 3960 2416 ut
4009 2349 4145 2423 dixi,

2676 2452 2924 2516 metalli
2962 2465 3109 2514 sunt
3154 2442 3493 2517 tenuioris.
3545 2460 4050 2537 ·Nonnunquam
4086 2449 4148 2512 fi·

2676 2576 2878 2634 gurae
2951 2568 3124 2617 totae
3200 2556 3554 2619 introrsum
3631 2559 3930 2641 sculptae
3997 2565 4146 2616 sunt.

2674 2657 3068 2740 Huiusmodi
3112 2672 3260 2720 sunt
3295 2659 3505 2735 numi,
3553 2680 3716 2744 quos
3759 2659 4150 2723 recitabimus

2674 2759 2844 2823 infra
2903 2761 3114 2842 capite
3163 2761 3276 2826 111.
3337 2758 3398 2848 §.
3439 2770 3481 2837 4
3526 2746 3591 2822 in
3649 2759 4148 2828 Decursionibus

2675 2863 2797 2925 sub
2860 2861 3382 2938 ToxxoTEs‚
3458 2865 3856 2942 COSMVS‚
3917 2877 3978 2927 et
4032 2860 4152 2922 SE-

2674 2967 3056 3044 LEVCVS‚
3101 2967 3392 3028 immisso
3439 2968 3632 3029 etiam
3683 2968 3758 3029 in
3810 2986 4024 3031 cavum
4066 2981 4152 3025 at·-

2677 3082 2907 3154 gento,
2954 3089 3037 3132 eo
3069 3066 3300 3143 modo,
3347 3082 3420 3129 ut
3452 3089 3601 3132 mox
3636 3065 3699 3153 ᾗ.
3738 3074 3818 3132 11.
3859 3070 4147 3146 dixeram·

2674 3177 2800 3235 Ars
2859 3172 2924 3231 in
2987 3169 3124 3246 bis,
3185 3171 3240 3232 si
3308 3171 3583 3253 optima,
3648 3172 4151 3234 mediocritatem

2674 3293 2807 3336 non
2863 3286 3151 3358 superat.
3238 3273 3450 3356 Saepe
3499 3292 3661 3354 opus
3711 3273 3917 3349 nude,
3962 3284 4030 3332 et
4070 3269 4156 3328 in·

2678 3375 2937 3439 doctam
2975 3396 3231 3439 manum
3273 3375 3683 3458 profitentur.
3780 3375 3989 3457 Hujus
4026 3389 4155 3435 cau·

2677 3497 2748 3539 sa
2817 3476 3122 3556 ruditatis
3193 3475 3452 3541 videtur
3493 3478 3974 3560 ,Baudelotiuh
4047 3469 4156 3537 atsi
4232 3477 4242 3483 “

2670 3597 3056 3662 perperam,
3101 3578 3291 3643 binos
3340 3578 3751 3662 Metropolis
3788 3579 4008 3643 Ioniae
4055 3595 4159 3637 nu·

2672 3700 2815 3755 mos
2851 3679 3145 3745 Graecos
3181 3682 3246 3743 in
3283 3682 3854 3750 contorniatorum
3893 3693 4151 3746 numero

2670 3780 2969 3869 posuisse
2999 3779 3093 3867 l').
3919 3801 3930 3806 ·

2797 3988 2908 4058 VI.
2955 3988 3175 4072 Typos
3243 3985 3483 4066 utiam,
3563 4002 3633 4053 et
3700 3988 4152 4072 inscriptiones

2670 4089 2797 4154 sibi
2847 4092 3153 4175 proprios
3198 4091 3573 4169 vendicant,
3632 4093 3756 4157 sed
3805 4090 3892 4153 de
3941 4085 4160 4175 quibui

2671 4194 2782 4257 hic
2833 4213 2964 4257 non
3009 4213 3167 4278 ago,
3215 4193 3393 4277 quod
3439 4213 3669 4259 eorum
3701 4195 3901 4260 *ratio
3944 4213 4028 4258 ex
4069 4208 4157 4253 se·

2673 4295 3018 4381 quentibus
3061 4296 3326 4380 patebit.
4174 4270 4204 4298 χ

1058 4529 4160 4566 mm

1142 4712 1203 4783 a)
1243 4707 1494 4769 Miscell.
1536 4708 1766 4770 observ.
1809 4689 1950 4769 anni
1992 4711 2154 4777 1736,
2194 4729 2330 4787 pag.
2361 4720 2495 4773 ¹137.

2698 4709 2768 4784 b)
2807 4711 2875 4770 Β.
2915 4708 2975 4767 L.
3017 4707 3183 4768 'Pom‘⁶
3223 4707 3319 4770 111.
3361 4728 3497 4787 pag.
3530 4718 3652 4774 ⁸1⁵1.
