4388 5576
905 484 911 490 ,
996 529 999 532 ¹
1096 421 1248 499 DE
1343 357 2045 528 Tainvm‘rm
2132 416 2858 499 PoTEsTA‘rE.

370 603 381 618 ‘
427 610 716 677 defensa·
805 612 967 672 'Pam
1025 606 1380 672 illustrium
1451 604 1748 670 virorum
1804 622 1949 692 ex·-

429 715 651 798 emplo
706 712 957 789 fateor,
1014 729 1120 773 me
1166 707 1431 773 easdem
1476 707 1756 791 primum
1784 725 1917 805 ⁶au·

429 817 766 882 ctoritates
803 827 1096 878 secutum
1119 856 1138 889 ,
1183 825 1247 877 at
1278 831 1427 874 cum
1463 810 1710 874 exitum
1758 805 1918 868 mul·

421 921 510 984 tis
552 921 620 982 in
667 920 831 981 locis
881 938 1011 978 non
1063 915 1470 1000 reperirem,
1527 932 1719 976 susus
1752 930 1919 984 sum,

429 1021 605 1114 quod
655 1042 770 1086 eos
823 1040 1148 1107 nunquam
1194 1015 1395 1082 -susos
1441 1012 1671 1091 video,
1740 1012 1921 1072 dubi·

427 1137 567 1190 tare
604 1116 711 1188 ‘tle
758 1122 885 1186 tide
944 1134 1041 1186 tot
1099 1105 1448 1182 numerum
1504 1114 1920 1179 refractario-

433 1247 614 1295 rum.
704 1244 869 1308 quos
940 1245 979 1285 a
1056 1221 1360 1297 Goltzio,
1446 1216 1921 1293 Mediobarbo,

430 1325 782 1409 multisque
846 1325 989 1389 aliis
1026 1320 1355 1386 'obn-uso·
1398 1320 1655 1404 reperi,
1702 1319 1767 1380 in
1813 1339 1925 1381 eo·

428 1448 709 1513 rumque
780 1426 1072 1489 indolem
1134 1423 1504 1486 adcuratius
1566 1421 1924 1504 inquirere,

431 1529 857 1596 adhibitoad
900 1528 1027 1590 hoc
1077 1525 1389 1607 judicium
1434 1544 1661 1588 museo
1699 1526 1929 1588 Caesa·

430 1652 552 1696 reo
597 1631 873 1696 Romani
918 1627 1256 1692 commatis
1305 1627 1519 1689 numis
1567 1626 1927 1690 instructis-

342 1721 353 1726 ’
427 1736 617 1818 simo.
702 1736 937 1817 Neque
971 1729 1351 1815 poenitebat
1396 1749 1504 1792 me
1552 1728 1774 1811 longi,
1819 1729 1926 1798 ad·

432 1837 771 1920 auratique
842 1834 1187 1907 examinis,
1271 1831 1451 1914 quia,
1528 1846 1598 1894 ut
1677 1834 1925 1897 cautius

431 1918 700 2023 agerem
744 1938 1087 2020 deinceps,
1149 1934 1444 2016 meisque
1489 1932 1673 2017 plus,
1732 1955 1923 2017 quam

427 2042 662 2107 alienis
719 2040 931 2103 oculis
986 2038 1301 2110 fiderem,
1358 2035 1688 2119 permovit
1745 2035 1927 2099 deni·

430 2162 585 2229 que.
668 2139 1137 2224 Praeterquam
1200 2136 1379 2200 enim
1440 2135 1616 2219 quod
1683 2136 1923 2201 multos

430 2246 667 2314 vidia
731 2242 1003 2306 laudatis
1064 2240 1222 2304 viris
1280 2238 1592 2301 recitatos
1667 2259 1922 2316 numos,

434 2360 713 2433 quorum
742 2346 992 2406 nullum
1032 2339 1408 2428 exemplum
1456 2340 1521 2402 in
1553 2340 1923 2423 copiosissi-

430 2452 555 2514 mis
599 2449 839 2511 museis
883 2446 1140 2518 inveni,
1200 2464 1283 2505 ex
1342 2461 1470 2525 quo
1512 2442 1660 2525 jure
1709 2455 1925 2525 potest

430 2552 745 2625 dubitari,
804 2551 1017 2612 sintne
1082 2543 1386 2629 genuini,
1449 2557 1559 2605 aut
1600 2529 1727 2608 rite
1772 2566 1926 2627 pro·

431 2653 732 2737 mulgati‚
787 2630 953 2713 illud
998 2652 1198 2711 etiam
1255 2645 1338 2709 ab
1385 2645 1484 2707 his
1530 2646 1699 2709 male
1743 2649 1925 2711 insti-

429 2770 641 2822 tutum
700 2754 957 2839 reperi,
1031 2750 1210 2839 quod
1264 2747 1448 2813 nullo
1520 2745 1920 2827 discrimine,

432 2874 545 2925 aut
593 2857 817 2924 addito
865 2856 1110 2920 indicio
1154 2873 1389 2916 numos
1438 2848 1819 2916 subaeratos
1855 2864 1923 2916 et

434 2961 916 3025 semibarbaros
961 2979 1106 3020 cum
1162 2954 1462 3036 genuinis
1505 2966 1758 3016 temere
1810 2955 1929 3026 mi-

431 3083 693 3127 scuere.
716 3116 727 3120 -
752 3064 841 3121 At
865 3059 1100 3122 horum
1138 3056 1194 3119 si
1229 3055 1392 3119 velis
1423 3066 1596 3117 stare
1635 3056 1928 3119 testimo·

432 3165 587 3239 nio,
629 3162 799 3225 nihil
833 3172 935 3223 est
965 3179 1355 3241 perversum
1407 3154 1607 3232 adeo,
1652 3177 1930 3241 praepo-

367 3279 372 3284 ·
435 3279 818 3344 sterumque
844 3306 862 3335 ‚
907 3262 1087 3344 quod
1126 3280 1257 3322 non
1293 3257 1502 3338 possis
1543 3258 1610 3322 in
1648 3259 1931 3322 chrono-

435 3366 678 3450 logiam
732 3361 1070 3425 inducere.
1160 3361 1263 3419 Ex
1308 3380 1438 3441 quo
1490 3374 1706 3442 patet,
1763 3374 1931 3424 cata.

437 3468 631 3552 logos
673 3463 797 3527 hac
846 3464 1002 3545 lege
1046 3473 1355 3525 consutos
1390 3458 1537 3540 plus
1569 3462 1930 3546 importare

438 3568 630 3643 mali,
695 3587 888 3651 quam
938 3563 1020 3628 ad
1068 3561 1281 3625 studia
1331 3575 1554 3623 nostra
1588 3559 1931 3644 prodesse,

435 3673 581 3758 ipse
613 3690 778 3734 vero
809 3682 1122 3752 expertus
1155 3683 1419 3749 possum
1461 3662 1727 3741 testari,
1769 3662 1933 3724 mihi

437 3771 798 3859 repudiatis
854 3770 958 3837 hi·
1011 3766 1504 3832 auctoritatibus
1550 3764 1761 3829 multo
1821 3784 1934 3827 ex·

434 3877 762 3962 peditiora
823 3872 1040 3937 omnia
1114 3870 1287 3945 visa,
1367 3887 1588 3954 neque
1647 3867 1932 3933 sensisse

436 3979 737 4053 vincula,
798 3996 966 4061 quae
1024 3972 1343 4056 majorum
1401 3986 1779 4036 nostrorum
1833 3970 1937 4033 iti-

434 4104 594 4147 nera
650 4078 1082 4162 impedivere.
1170 4075 1393 4168 Quare
1446 4074 1574 4139 etsi
1633 4072 1933 4137 omnibus

440 4184 714 4265 reliquis
751 4182 962 4246 causis
995 4182 1115 4244 sim
1158 4176 1422 4243 Norisio
1447 4221 1465 4253 ,
1508 4176 1751 4259 Pagio,
1796 4173 1933 4236 'rit-

442 4284 758 4347 lemontio
785 4283 1085 4358 inferior,
1129 4282 1251 4346 hac
1278 4295 1495 4343 tamen
1519 4280 1933 4363 superiorem

445 4405 552 4450 me
593 4383 944 4468 profiteor,
1004 4383 1177 4467 quod
1222 4403 1351 4467 ope
1402 4380 1559 4445 artis
1600 4379 1935 4444 numarise

445 4488 652 4573 magis
686 4485 885 4550 hodie
916 4499 1264 4569 purgatae,
1322 4498 1393 4549 et
1425 4481 1932 4548 lectissimorum

3381 444 3526 523 ³99

2030 619 2443 678 museorum,
2503 604 2738 689 quibus
2797 605 3109 684 adsideo,
3171 605 3254 676 de
3311 612 3522 674 numia

2031 706 2191 788 ipsis
2253 704 2685 771 confidentius
2740 729 3006 794 possum
3067 709 3416 787 arbitrari,
3486 734 3525 777 a

2038 829 2314 891 quorum
2351 811 2741 874 testimoniis
2790 830 3087 894 magnam
3134 825 3384 894 partem
3433 800 3527 882 bi'-

2040 913 2277 988 storia,
2358 924 2425 974 et
2484 912 2951 994 chronologia,
3026 933 3102 976 sc
3174 915 3526 999 praecipue

2035 1033 2347 1096 praesens
2413 1015 2562 1077 trib.
2626 1017 2963 1099 potestatis
3039 1036 3313 1079 examen
3374 1036 3529 1103 pen·
3617 1045 3622 1052 ·

2036 1115 2214 1178 dent.

2053 1277 2059 1284 ,
2162 1203 2526 1308 REGVLA
2549 1220 2660 1281 111.
2707 1223 3099 1283 Mar-morum
3112 1209 3440 1300 judicium
3460 1224 3532 1285 in

2036 1338 2242 1382 causa
2271 1323 2414 1381 trib.
2444 1325 2792 1399 potestatis
2831 1325 3159 1387 incertum.
3326 1341 3335 1352 ·

2169 1421 2384 1502 Saepe
2415 1420 2587 1481 inter
2604 1433 2822 1504 partes
2855 1420 3247 1506 disputatum
3274 1469 3290 1502 ,
3333 1426 3532 1508 numi,

2041 1541 2119 1584 an
2172 1542 2499 1586 marmora
2543 1523 2690 1606 plus
2738 1522 2817 1586 ad
2863 1524 3269 1608 philologiae
3322 1529 3534 1593 studia

2042 1624 2424 1700 conferant,
2488 1645 2615 1708 qua
2662 1625 2926 1708 quidem
2972 1627 3088 1690 lite
3128 1628 3286 1689 nihil
3340 1629 3531 1695 video

1998 1801 2001 1802 7
2042 1728 2248 1808 magis
2283 1725 2670 1822 absurglum,
2714 1728 2909 1812 itque
2935 1728 3248 1811 ineptum.
3342 1731 3534 1826 Quis-

2042 1827 2186 1909 quis
2244 1829 2467 1891 sobrie
2525 1829 2871 1909 judicabit,
2925 1829 3120 1895 facile
3181 1832 3529 1915 intelliget,

2008 1937 2168 2012 'qua
2228 1943 2414 2012 parte
2483 1928 2795 1994 deficiunt
2849 1934 3068 2009 numi,
3140 1949 3531 1998 succurrere

2040 2051 2408 2106 marmora,
2486 2045 2553 2095 et
2609 2033 2916 2097 vicissim.
3006 2033 3325 2126 Quantam
3388 2056 3537 2098 eru-

2041 2131 2310 2195 ditionis
2353 2132 2801 2218 scientiaeque
2854 2134 3341 2220 copiam-nobis
3387 2159 3536 2223 sup-

2036 2235 2436 2322 peditaverit
2478 2258 2584 2300 ars
2618 2237 3020 2301 nobilissima
3050 2237 3390 2321 lapidaria,
3438 2239 3534 2324 sic
3633 2275 3638 2281 .

2035 2340 2213 2402 inter
2242 2359 2471 2403 omnes
2504 2353 2789 2417 constat,
2834 2339 3381 2424 quemadmodum
3420 2340 3536 2403 uni

2040 2441 2374 2506 constabat
2390 2440 2734 2506 Harduino
2754 2489 2771 2520 ‚
2795 2443 3144 2527 plerasque
3165 2441 3537 2526 inscriptio·

2037 2564 2192 2621 nes,
2258 2563 2414 2629 quas
2477 2544 2546 2606 in
2593 2544 2906 2627 catalogis
2951 2544 3268 2627 legimus,
3327 2544 3536 2608 multo

2040 2665 2187 2709 esse
2223 2645 2633 2709 recentiores
2662 2666 2737 2711 ea
2756 2659 3005 2724 aetate,
3052 2667 3243 2731 quam
3265 2665 3423 2731 prae
3458 2666 3533 2711 se

2037 2741 2262 2813 ferunt
2283 2794 2300 2827 ,
2349 2746 2428 2811 sb
2459 2746 2830 2812 hominibus
2861 2747 3113 2814 scilicet
3135 2748 3359 2815 otiosis
3382 2768 3537 2812 con·

2041 2848 2264 2927 fictas,
2324 2864 2394 2913 et
2434 2847 2640 2934 ipsam
2686 2850 2853 2916 adeo
2898 2851 3120 2929 illam,
3181 2873 3372 2936 quam
3418 2853 3539 2914 ho·

2043 2953 2284 3039 dieque
2320 2953 2387 3015 in
2422 2954 2667 3017 eximio
2712 2955 2830 3019 illo
2864 2954 3264 3038 antiquitatis
3310 2975 3538 3018 monu-

2043 3070 2304 3130 mento,
2352 3076 2508 3119 arcu
2527 3056 2799 3135 Severi,
2846 3060 3094 3119 Romae
3128 3058 3406 3141 legimus
3440 3063 3535 3145 03

2042 3155 2162 3229 sed
2194 3156 2379 3235 cujus
2411 3158 2665 3219 erudita
2686 3158 3007 3220 insomnia
3026 3158 3168 3243 quis
3194 3174 3295 3222 est
3313 3160 3538 3237 hodie,

2044 3258 2158 3339 qui
2220 3256 2530 3338 ignoret?
2614 3262 2688 3321 ln
2748 3274 3096 3344 praesente
3158 3280 3347 3322 causa
3387 3261 3537 3345 plus

2042 3356 2467 3441 tribuendum
2512 3361 2762 3436 nuruis,
2827 3381 3019 3442 quam
3081 3359 3538 3435 marmoribus,

2043 3479 2243 3522 nemo
2294 3479 2488 3520 sanus
2537 3459 2602 3520 in
2653 3458 2966 3541 judicium
3007 3459 3286 3524 vocabit.
3373 3464 3540 3524 Nam

2043 3560 2331 3649 primum
2402 3560 2653 3621 nemini
2712 3561 3047 3659 ignotum,
3116 3582 3232 3624 eos
3309 3583 3539 3627 omnes

2044 3660 2430 3729 auctoritate
2465 3662 2724 3745 publica
2767 3662 3089 3747 signatos,
3139 3663 3379 3727 deinde
3411 3665 3540 3728 siu-

2047 3758 2355 3849 gulo'rum
2410 3783 2543 3826 non
2604 3786 2843 3844 unum,
2906 3766 3025 3828 sed
3070 3765 3292 3849 plura,
3340 3787 3536 3848 saepe

2047 3866 2499 3948 copiosissima
2556 3881 2815 3929 exstare
2861 3869 3291 3951 exemplaria,
3351 3868 3539 3952 ,deni-

1976 3976 1979 3981 ’
2049 3988 2177 4054 que
2216 3968 2299 4032 de
2348 3990 2575 4034 eorum
2613 3968 2776 4046 fide,
2838 3982 2906 4032 et
2945 3992 3132 4053 quam
3181 3972 3539 4048 continent,

2048 4070 2338 4134 lectione
2383 4093 2517 4135 non
2560 4072 2963 4135 ex·aliorum
3009 4075 3198 4136 nobis
3250 4075 3540 4138 testimo-

2047 4174 2172 4236 niis
2209 4180 2533 4249 constare,
2578 4175 2695 4237 sed
2729 4174 2972 4239 anobis
3001 4178 3157 4259 ipsis
3190 4177 3329 4258 ejus
3345 4196 3538 4257 posse
3651 4258 3660 4263 “

2048 4275 2420 4360 periculum
2478 4274 2664 4354 fieri,
2724 4297 2888 4360 quae
2936 4276 3198 4363 quidem
3244 4276 3327 4341 de
3374 4298 3540 4365 mar-

2051 4376 2344 4453 moribus
2377 4375 2706 4441 adfirmari
2725 4398 2856 4459 non
2891 4399 3108 4463 posse,
3154 4379 3280 4465 ipsi
3306 4384 3539 4469 eorum

2049 4479 2309 4564 patroni
2365 4478 2560 4543 facile
2633 4478 2897 4548 dabunt.
2985 4484 3073 4544 At
3134 4501 3299 4547 vero
3372 4482 3542 4546 haec·

514 4698 774 4774 synist.
812 4699 962 4776 Aug.
1002 4717 1139 4776 pag.
1178 4707 1287 4763 803
1325 4694 1439 4757 eol.
1473 4709 1532 4759 2.

1948 5245 2423 5362 ΘΗΜΟΑΕΑΦ

1983 5368 2328 5417 OXFORD

1969 5463 2346 5508 Anum-..m
