4388 5576
380 589 527 637 cum
571 583 784 633 tamen
824 567 889 629 in
935 566 1113 629 omni
1174 566 1493 627 sententia
1538 578 1865 649 repugnet

380 671 751 738 consulatus
796 672 1075 754 simplex
1125 655 1510 748 conjunctus
1562 686 1705 728 cum
1756 666 1866 727 tri-

376 775 619 836 bunatu
664 775 743 835 11.
828 777 902 834 ln
964 773 1175 834 numis
1232 772 1387 832 item
1447 770 1652 831 obviis
1713 769 1866 830 Alea

371 876 610 951 atandri,
650 874 1094 956 &integitur
1138 873 1273 936 ΤΒ.
1302 875 1374 933 Ρ.
1412 874 1489 932 11.
1536 872 1724 935 COS.
1763 874 1864 947 110,

373 999 520 1041 cum
552 993 800 1051 tamen,
848 977 1212 1058 cuicunque
1260 988 1328 1037 te
1380 973 1672 1057 opinioni
1718 961 1895 1055 per-⁴¹

373 1083 627 1155 mittas,
696 1078 1063 1141 tribunatus
1139 1079 1221 1158 11,
1296 1095 1442 1137 cum
1524 1075 1865 1137 consulatu

374 1184 451 1244 11.
487 1181 792 1264 componi
823 1201 950 1241 non
985 1178 1210 1264 possit.
1299 1173 1402 1236 Ad
1438 1174 1719 1238 haecut
1756 1197 1855 1239 ex*

374 1296 542 1350 stant
602 1284 779 1344 numi
804 1329 827 1364 ,ι
886 1282 998 1365 qui
1057 1279 1484 1343 adversantur
1528 1278 1892 1340 sententiis.

375 1384 710 1458 omnihus,
770 1383 876 1445 ita*
921 1394 1073 1444 sunt
1128 1399 1585 1463 nonnunquam
1650 1380 1865 1454 etiam,

377 1488 490 1570 qui
534 1500 679 1548 tuae
723 1495 1096 1568 repugnent
1141 1482 1518 1555 doctrinae,
1584 1494 1651 1543 et
1692 1478 1869 1543 fave-

375 1601 487 1652 ant
544 1587 880 1650 adversae.
970 1582 1146 1677 Quid
1205 1582 1287 1645 ad
1333 1583 1451 1643 hos
1498 1602 1648 1644 sana
1694 1581 1867 1643 criti-

377 1689 500 1753 ca?
587 1690 908 1752 Nimirum
975 1688 1211 1749 eodem
1271 1689 1419 1747 curii
1481 1684 1614 1746 illis
1670 1682 1868 1747 modo

376 1806 529 1874 aget
572 1792 798 1854 critica
843 1783 1173 1865 namaria,
1203 1795 1354 1870 ‘quo
1399 1807 1544 1849 cum
1580 1807 1871 1869 pugnan-

381 1895 552 1956 tibus
613 1893 1003 1974 scriptorum
1067 1890 1451 1953 testimoniis
1507 1889 1732 1951 critica
1778 1886 1873 1948 hi-

376 1998 637 2058 storica.
725 1998 1012 2056 Necesse
1042 1993 1420 2076 cumprimis
1455 1994 1578 2052 erit
1598 1992 1872 2052 circuma-

378 2099 636 2180 spicere
721 2094 986 2171 modos,
1075 2094 1307 2178 quibus
1371 2093 1633 2153 dissidia
1707 2090 1871 2153 baec

272 2243 277 2248 .
381 2197 631 2281 possint
688 2195 1062 2271 conciliari,
1125 2208 1196 2257 ut
1255 2216 1407 2257 sane
1468 2192 1695 2276 reperi
1738 2212 1874 2253 mo·

380 2300 502 2362 (los
574 2317 978 2386 nequaquam
1049 2298 1412 2373 violentos,
1481 2295 1599 2357 sed
1677 2294 1870 2378 plane

384 2399 801 2484 probabiles,
838 2399 1091 2482 -quibus
1136 2399 1554 2461 refractarios
1615 2399 1680 2458 in
1723 2416 1872 2478 spe·

298 2541 309 2548 —
385 2507 554 2566 ciem
611 2501 930 2577 Macrini,
992 2513 1059 2562 et
1122 2498 1480 2562 Alexandri
1545 2501 1697 2563 Sev.
1756 2520 1875 2560 nu-

382 2624 557 2679 mos,
625 2623 790 2686 quos
863 2602 1062 2664 modo
1123 2604 1354 2679 citavi,
1442 2603 1509 2662 in
1571 2599 1871 2662 ordinem

357 2697 779 2790 ,rediget-em.
872 2705 984 2766 Sin
1047 2703 1221 2764 istud
1289 2724 1419 2765 non
1465 2703 1761 2777 dabitur,
1804 2701 1874 2762 id

383 2830 589 2895 genus
632 2808 812 2871 numi
855 2821 1046 2871 erunt
1082 2809 1146 2867 in
1195 2806 1526 2868 indomitis
1569 2805 1870 2877 habendi,

378 2931 594 2994 neque
628 2909 1173 2996 permittendum,
1219 2924 1286 2971 ut
1331 2890 1522 2973 unius
1567 2909 1714 2971 anni
1747 2907 1875 2968 dis-

383 3014 744 3077 sentientes
788 3013 966 3073 numi
1011 3026 1295 3083 certam,
1342 3009 1666 3093 fixamque
1719 3009 1877 3072 alio·

385 3136 528 3176 rum
594 3132 910 3176 annorum
971 3114 1190 3193 legem
1267 3123 1583 3173 evertant.
1668 3109 1875 3171 Multa

389 3226 572 3287 sunt,
618 3227 687 3289 et
730 3233 876 3274 esse
914 3212 1157 3273 debent
1200 3212 1265 3271 in
1312 3209 1705 3291 antiquitatis
1749 3222 1880 3271 stu-

390 3314 501 3377 dio
548 3313 834 3390 incerta,
894 3306 1145 3383 dubia,
1193 3313 1474 3373 et·male
1517 3310 1880 3372 cohaeren-

392 3415 510 3489 tia,
615 3413 796 3496 cujus
880 3413 1230 3496 praecipua
1334 3412 1557 3494 utique
1664 3432 1874 3485 causa,

395 3513 566 3601 quod
650 3514 952 3597 plerique
1028 3527 1324 3576 veterum
1403 3511 1878 3585 commentarii,

395 3619 508 3705 qui
565 3617 769 3679 dubia·
824 3615 987 3678 haec
1050 3614 1479 3696 expedirent,
1540 3612 1880 3693 interiere.

388 3720 749 3782 Enimvero
771 3718 1226 3793 nescivissem,
1274 3735 1403 3800 quo
1439 3708 1883 3776 essent'modo

395 3808 763 3907 explicandi
818 3819 993 3880 numi
1057 3819 1366 3918 hffacrini,
1438 3814 1718 3900 quorum
1775 3813 1887 3877 alii

392 3925 561 3988 int'ra
598 3921 879 3986 eundem
903 3941 1141 3983 annum
1167 3920 1484 3982 Iulianum
1522 3915 1886 3980 inscribunt

397 4027 587 4091 COS.
652 4025 995 4107 simplex„
1037 4022 1146 4084 alii
1203 4020 1391 4085 COS.
1450 4024 1567 4096 11.,
1629 4020 1754 4081 nisi
1796 4033 1889 4083 ta·

401 4128 696 4190 centibus
734 4124 1070 4188 historicis·
1104 4125 1248 4187 aliis
1299 4122 1751 4187 difficultatem
1793 4124 1890 4184 le·

399 4242 613 4291 vasset
653 4230 804 4291 Dio.
892 4228 1108 4311 Atque
1152 4228 1390 4290 horum
1456 4227 1746 4289 omnium
1788 4241 1887 4288 te·

396 4330 699 4419 stimonia
742 4328 802 4392 si
838 4341 1294 4411 superessent,
1355 4328 1530 4391 forte
1572 4329 1887 4404 sciremus

404 4430 598 4494 etiam
621 4476 639 4507 ,
684 4449 811 4513 quo
830 4445 1021 4512 pacto
1043 4428 1426 4513 explicanda
1455 4433 1537 4494 sit
1569 4445 1678 4497 aut
1697 4435 1890 4496 Com·

403 4532 584 4599 modi
623 4531 793 4596 trib.'
823 4544 1112 4615 potestas
1160 4533 1635 4635 xv111.„aut‚
1696 4555 1889 4621 quam

853 382 879 409 ·
964 439 979 450 .
1052 377 1201 455 DE
1282 317 1978 454 ‘rmssvffl‘rm
2054 375 2799 475 POTESTATE.

3324 398 3465 476 403

1978 562 2380 646 praeferunt·
2440 565 2620 627 numi
2686 563 3121 639 Antiocheni··,
3211 567 3492 650 Trajani-

1978 669 2151 728 xxt.
2177 711 2192 740 ,
2243 687 2406 749 quae
2448 666 2747 727 omnibus
2777 665 3242 750 chronologiae
3289 690 3473 749 prac-

1980 770 2189 850 ceptis
2228 781 2877 851 apex-terepugnant.
2966 766 3185 860 Quare
3225 770 3476 853 quales·

1980 890 2237 953 cunque
2271 870 2338 931 hi
2366 870 2591 931 obices
2622 890 2751 930 non
2787 867 3030 932 debent
3076 871 3473 949 absterrere,

1983 993 2113 1057 quo
2150 973 2361 1033 minus
2395 972 2752 1033 institutum
2772 992 3028 1033 cursum
3052 993 3498 1056 peragamus3-

1979 1096 2199 1158 neque
2239 1077 2409 1137 enim
2452 1095 2596 1137 cum
2622 1072 2958 1135 doctrinae
2992 1075 3352 1158 cujuspiam
3388 1076 3480 1140 le·

1984 1198 2111 1261 ges·
2144 1176 2403 1258 figimus
2431 1219 2446 1250 ,
2508 1176 2668 1236 illud
2712 1179 2899 1238 anxie
2936 1160 3201 1238 nimium
3254 1199 3329 1242 ac
3375 1200 3480 1243 re-

1982 1280 2221 1362 ligiose
2301 1290 2701 1361 spectamus,
2778 1279 2952 1360 quid>
3011 1301 3476 1363 nonnunquam

1981 1380 2136 1463 lege
2202 1377 2717 1441 extraordinaria
2777 1379 2977 1441 fuerit
3035 1381 3478 1458 constitutum,

1984 1480 2181 1544 modo
2221 1482 2441 1561 legem
2486 1476 2872 1542 ordinaria‘m
2908 1483 3119 1547 solide
3156 1484 3479 1550 stabilive-

1985 1586 2207 1646 rimus.
2299 1584 2563 1645 Etenim
2628 1583 2741 1643 ubi
2799 1584 2989 1667 plana
3050 1587 3261 1646 omnia
3308 1603 3478 1665 sunt,

1984 1683 2717 1770 nihilqueimpeditum,
2767 1684 3053 1767 legibus,
3099 1688 3480 1771 regulisque

1988 1808 2149 1870 opus
2196 1806 2326 1848 non
2375 1800 2511 1862 est,
2575 1806 2651 1849 ac
2687 1801 2866 1849 ·tunc
2911 1789 3188 1849 demum
3219 1789 3335 1852 bas
3380 1809 3500 1853 re-.

1988 1885 2336 1971 spicimns,
2400 1872 2553 1951 cum*
2593 1886 2851 1950 amoliri
2911 1888 3327 1952 difficultates
3374 1911 3483 1953 cu·
3559 1925 3570 1932 ·

1987 1991 2235 2074 pimus,
2302 2011 2465 2072 quae
2529 1997 2784 2052 causam
2835 1991 3232 2073 impediunt,
3275 1985 3367 2055 'et
3427 1994 3484 2055 si
3561 2001 3574 2022 ¹

1987 2106 2241 2176 quaest
2279 2093 2598 2154 sententia
2629 2090 2771 2169 ejus
2795 2107 3099 2168 naturae,
3146 2108 3216 2156 ut
3255 2094 3487 2176 magis,

1988 2217 2178 2278 quam
2201 2214 2629 2281 quaecunque
2660 2194 2785 2257 alia
2806 2238 2822 2269 ,
2869 2196 3200 2257 molestias
3219 2197 3482 2272 eximat,

1987 2298 2163 2359 illam
2202 2311 2272 2358 ut
2300 2296 2719 2379 arripiamus,
2753 2310 3270 2380 teneamusque,
3315 2299 3485 2362 ratio

1988 2399 2291 2484 imperat,

2113 2502 2467 2568 REGVLA
2518 2503 2599 2569 V.
2665 2506 2885 2564 Vtrum
2924 2505 3338 2580 imperatores
3366 2509 3489 2566 ali-

1990 2625 2113 2688 quo
2170 2607 2346 2664 intra
2397 2603 2666 2665 eundem
2714 2623 2951 2662 annum
2996 2605 3326 2665 Iulianum
3379 2609 3488 2668 die

1980 2715 2135 2783 post
2162 2708 2230 2765 K
2225 2691 2492 2766 alendus
2531 2707 2887 2765 Ianuariae
2930 2706 3308 2766 iteraverint
3339 2709 3489 2770 trib.

1980 2817 2362 2886 potestatem
2382 2851 2399 2882 ,
2464 2811 2815 2874 certissime
2862 2809 3093 2867 docent
3120 2809 3488 2871 tribunatus

1988 2928 2132 2969 cum
2166 2910 2607 2991 consulatibus
2642 2911 2997 2987 compositi.

2119 3008 2504 3069 Doctrinam
2581 3008 2745 3069 hanc
2817 3008 2923 3072 vel
2978 3028 3111 3070 uno
3173 3009 3485 3094 exemplo
3580 3005 3587 3011 ’

1991 3108 2392 3170 stabilivisse¹
2444 3108 2595 3170 satis
2657 3108 2804 3170 erit.
2890 3109 3165 3170 Exstant
3230 3112 3484 3191 copiosi

1991 3208 2349 3270 Domitiani
2388 3209 2602 3281 numi,
2668 3228 2944 3291 quorum
3005 3209 3116 3270 alii
3154 3230 3299 3271 cum
3339 3231 3499 3275 con-x

1993 3310 2206 3373 sulatu
2238 3310 2410 3371 xm.
2429 3308 2857 3393 &conjungunt
2895 3311 3036 3372 ΤΒ.
3088 3311 3164 3372 P.
3183 3311 3337 3387 V1.,
3381 3312 3496 3374 alii

1998 3412 2138 3473 TR.
2172 3412 2247 3471 P.
2291 3411 2433 3475 vn.
2522 3410 2653 3490 Iam
2701 3424 3153 3483 verolcertmn
3197 3424 3334 3488 est,
3378 3435 3495 3474 nu·

1998 3529 2142 3570 mos
2185 3508 2498 3571 utrolibet
2519 3510 3085 3597 modoinscriptos
3122 3514 3311 3577 unius
3346 3532 3494 3578 esse

1999 3611 2151 3673 anni
2199 3610 2470 3684 Iuliani,
2531 3608 2835 3673 nimirum
2880 3615 2960 3681 V.
3002 3617 3068 3678 C.
3111 3617 3261 3688 840.
3347 3617 3498 3678 Non

1999 3728 2272 3795 possunt
2299 3733 2443 3775 esse
2477 3715 2624 3775 anni
2647 3712 3104 3798 praecedentis
3137 3718 3261 3799 839
3282 3761 3299 3792 ‚
3344 3736 3496 3778 nam

2001 3808 2143 3878 tum*
2176 3815 2301 3877 fuit
2329 3816 2517 3878 COS.
2550 3819 2694 3880 ΧΠ.
2717 3861 2732 3890 ,
2780 3837 2995 3900 neque
3043 3811 3191 3880 anni
3222 3838 3498 3903 sequen-

2000 3918 2085 3980 tis
2121 3918 2236 3983 841
2267 3963 2284 3994 ,
2332 3940 2478 3978 nam
2521 3932 2654 3980 tum
2701 3913 2835 3980 fuit‘
2882 3920 3078 3986 COS.
3114 3923 3288 3988 xlv.
3375 3922 3499 3982 Er-

2004 4040 2091 4100 go
2162 4022 2574 4083 Domitianus
2650 4023 2817 4085 intra
2894 4022 3176 4085 eundem
3258 4042 3495 4086 annum

2001 4121 2318 4185 Iulianum
2345 4169 2360 4197 ‚
2407 4136 2474 4185 et
2518 4122 2699 4185 binas
2749 4124 3082 4188 Kalendas
3126 4127 3259 4186 Ian.
3305 4144 3500 4187 reno-

2001 4225 2175 4288 vavit
2222 4224 2639 4288 tribunatum.
2730 4224 2910 4288 Idem
2974 4227 3195 4287 elucet
3256 4246 3339 4287 ex
3383 4246 3499 4293 nu·

2003 4328 2123 4389 mis
2184 4325 2588 4408 Caligulae,
2647 4327 2815 4403 Titi,
2891 4326 3324 4410 aliorumque.
3405 4302 3498 4388 ‘At

2003 4431 2179 4492 enim
2224 4430 2561 4514 praeclara
2619 4429 2780 4490 haec
2817 4428 2910 4490 -ad
2954 4429 3297 4516 secandam
3331 4429 3497 4499 hanc

2003 4529 2367 4603 iterationis
2410 4529 2597 4595 litem
2640 4528 2927 4594 subsidia
2970 4530 3349 4614 saepissime
3385 4527 3500 4597 de-

2798 4634 2854 4696 E
2892 4653 2930 4697 e
2968 4651 3005 4696 e
3052 4649 3091 4695 a
