4388 5576
931 445 1078 527 326

921 622 1425 701 tioneleypatica‚
1472 638 1585 681 seu
1612 623 1691 683 de
1706 624 2074 686 consulibus
2091 623 2421 685 Caesareis

925 723 1111 786 edita·
1151 722 1458 807 Lugduni
1492 723 2012 787 MDchxxu.
2100 725 2286 819 Quae
2333 745 2415 786 ex

925 825 1049 889 hac
1127 825 1268 908 ejus
1334 822 1784 888 lucubratione
1843 824 1923 888 ad
1996 812 2416 908 praesentem

919 947 1177 992 causam
1198 926 1566 1012 pertinent,
1612 927 1947 1013 sequentia
1978 941 2149 990 sunt.
2193 932 2416 1010 Regu·

918 1029 1014 1092 las
1066 1032 1212 1104 VL,
1279 1050 1435 1112 quas
1503 1033 1839 1110 hypaticas
1910 1029 2232 1115 appellat,
2309 1030 2409 1094 vir

917 1131 1215 1194 eruditus
1278 1131 1647 1209 constituit,
1719 1129 1897 1213 juxta
1951 1153 2108 1215 quas
2168 1152 2408 1217 propo·

923 1240 1117 1297 situm
1160 1232 1283 1295 fuit
1327 1233 1833 1319 imperatoribus
1865 1235 2272 1296 consulatum
2308 1253 2414 1296 su-

838 1394 848 1405 ,
918 1335 1219 1419 scipere,
1262 1336 1568 1397 nimirum
1622 1356 1745 1418 pro
1785 1335 2047 1417 imperii
2093 1335 2408 1420 auspicio,

916 1452 1195 1521 propter
1240 1438 1534 1501 solennia
1579 1436 2194 1522 quinquennalium,
2242 1454 2310 1503 et
2341 1440 2412 1501 id

917 1558 1128 1622 genus
1157 1539 1498 1617 festorum,
1541 1555 1817 1625 propter
1851 1542 2223 1626 conlegium
2258 1562 2411 1607 con-

898 1642 1082 1715 ,sulis
1119 1643 1451 1718 Caesaris,
1495 1645 1601 1707 vel
1638 1643 1949 1727 Augusti,
1997 1658 2269 1727 propter
2302 1665 2411 1707 ex-

913 1742 1317 1827 peditionem
1359 1745 1745 1820 militarem,
1808 1765 1996 1809 causa
2051 1749 2412 1831 triumpho·

914 1865 1100 1921 rum,
1142 1866 1217 1909 ae
1262 1845 1548 1933 denique
1602 1869 1791 1912 causa
1839 1846 2142 1912 ludorum
2188 1870 2412 1915 saecu-

916 1946 1181 2011 larium.
1269 1947 1464 2040 Quod
1513 1952 1596 2014 sit
1640 1951 1723 2012 de
1780 1951 1881 2012 his
1926 1950 2112 2033 Pagii
2154 1953 2409 2035 regulis

913 2047 1265 2112 ferendum
1295 2051 1606 2133 judicium
1632 2097 1649 2130 ,
1693 2042 1926 2115 malim'
1959 2054 2281 2117 lectorem
2329 2054 2409 2117 ab

913 2149 1060 2213 aliis
1108 2153 1365 2236 potius,
1424 2154 1622 2238 'quam
1685 2177 1722 2217 a
1766 2174 1871 2216 me
1935 2155 2186 2219 instrui.
2278 2156 2409 2224 Vix

914 2252 1320 2315 celebratum
1379 2254 1543 2315 illud
1605 2258 1791 2339 Pa'gii
1855 2245 2017 2342 opus
2075 2258 2141 2317 in
2189 2258 2407 2323 iucem

908 2352 1187 2439 prodiit,
1231 2357 1487 2437 reperti
1531 2358 1876 2430 continuo,
1924 2358 2035 2441 qui
2086 2357 2246 2422 latas
2291 2360 2408 2425 has

913 2479 952 2521 a
996 2455 1141 2521 viro
1187 2456 1445 2519 erudito
1494 2460 1681 2540 leges
1738 2459 1803 2519 in
1857 2458 2177 2543 judicium
2226 2481 2409 2527 voca·

906 2572 1081 2623 rent.
1167 2559 1308 2621 Hos
1336 2559 1507 2621 inter
1527 2560 1827 2625 Norisius
1853 2563 1973 2624 sub
1992 2562 2192 2627 finem
2220 2585 2408 2645 prae-

909 2661 1126 2725 clarae
1157 2682 1311 2725 suae
1330 2667 1664 2743 Epistolae
1690 2670 2051 2728 consularis
2080 2664 2163 2729 ad
2190 2667 2404 2750 ipsum
2475 2744 2478 2747 y

904 2763 1182 2848 Pagium
1241 2763 1427 2828 datae
1490 2764 1699 2841 serio,
1772 2764 1891 2827 sed
1946 2788 2196 2833 summa
2252 2788 2402 2834 cum

902 2853 1373 2946 humanitate,
1415 2868 1697 2930 amicum
1758 2867 2176 2951 perstrinxit,
2251 2892 2399 2937 cum

907 2969 1033 3033 ait:
1096 2970 1222 3033 viri
1268 2970 1380 3032 alii
1434 2969 1677 3033 eruditi
1717 2977 1924 3046 adhuc
1964 2978 2222 3056 vulqari
2268 2978 2402 3056 opi-

904 3076 1099 3135 nione
1150 3082 1476 3148 tenentur,
1533 3077 1976 3138 existimantes
1999 3119 2017 3151 ,
2074 3080 2404 3159 Auyustos

902 3179 1091 3236 modo
1112 3177 1368 3253 plures,
1430 3178 1616 3236 modo
1648 3180 1992 3255 pauciores
2028 3183 2402 3244 consulatus

896 3294 1020 3355 pro
1052 3278 1325 3337 arbitrio
1364 3281 1754 3355 suscepisse,
1813 3290 1997 3362 teque
2046 3285 2400 3363 longiorem

905 3383 1163 3454 operam
1206 3378 1395 3436 inani
1432 3379 1650 3439 labore
1683 3382 1914 3448 lusisse
1932 3392 2173 3461 putant
2188 3428 2205 3460 ,
2227 3397 2230 3398 ’
2249 3390 2402 3448 dum

902 3480 1243 3539 eorundem
1273 3481 1719 3541 consulatuum
1749 3502 1982 3543 causas
2009 3504 2089 3542 ac
2114 3489 2399 3547 rationes

901 3581 1329 3659 investt‘qasti.
1386 3583 1505 3640 Vir
1538 3600 1693 3640 sane
1720 3557 2157 3658 doctissimus,
2203 3606 2283 3646 ac
2302 3591 2401 3648 tui

900 3684 1182 3742 nominis
1213 3683 1421 3741 cultor
1450 3684 1623 3740 datis
1648 3684 1741 3741 ad
1761 3701 1859 3741 me
1888 3685 2095 3744 literis
2129 3695 2399 3754 testatus

902 3791 1032 3853 est,
1079 3784 1329 3859 inqenii
1354 3785 1454 3840 tui
1472 3792 1666 3840 semet
1683 3802 1945 3842 acumen
1963 3787 2212 3860 mirari,
2239 3793 2399 3860 ⁴dum

893 3888 998 3942 tot
1018 3884 1275 3961 reyulas
1293 3884 1723 3957 concinnasti,
1769 3903 1930 3964 quas
1947 3893 2159 3945 tamen
2180 3891 2398 3949 nullas

903 3984 1043 4058 ipse
1076 3983 1388 4059 pacabat,
1434 3986 1608 4065 quod
1645 3992 1741 4045 tot
1779 3986 2184 4061 exceptiones
2212 3990 2391 4049 sube-

901 4091 1020 4142 ant
1036 4125 1053 4158 ,
1097 4093 1173 4145 ut
1200 4068 1459 4161 saepius
1488 4085 1570 4144 ab
1604 4086 2090 4161 imperatoribus
2118 4099 2391 4150 contem-

894 4194 1082 4263 ptae,
1143 4205 1335 4269 quam
1377 4187 1755 4246 observatae
1799 4185 2165 4264 videantur,
2240 4202 2389 4269 post

901 4286 1073 4370 quod
1098 4307 1326 4349 causae
1362 4285 1701 4347 exordium
1725 4276 1941 4369 coepit
1973 4286 2230 4349 erudite
2253 4311 2389 4355 mo·

899 4408 978 4451 re
1031 4408 1151 4451 suo
1214 4407 1550 4472 exponere
1604 4389 1924 4465 rationes,
1987 4409 2069 4451 ex
2116 4413 2386 4475 quarum
2435 4457 2436 4460 ,

898 4497 1261 4574 praecepto
1297 4490 1630 4564 diversum,
1656 4490 1737 4554 ab
1770 4493 1977 4554 amico
2002 4494 2249 4556 sentire
2282 4514 2392 4557 co·

904 4605 1216 4677 geretur,
1264 4606 1331 4654 ct
1375 4607 1673 4675 perstare
1724 4594 1790 4655 in
1833 4610 2059 4659 vetere
2096 4617 2210 4659 sua
2247 4616 2389 4658 sen·

903 4694 1136 4773 te'ntia',
1184 4687 1901 4781 imperatore?nonnisi
1934 4695 2010 4759 ad
2048 4697 2385 4761 arbitrium

2190 433 2579 516 CAPVT
2675 437 2733 507 Ι.

2479 636 2484 645 ’
2533 616 2870 701 suscipere
2902 616 3308 679 consulatum
3337 618 3777 684 consuevisse.
3823 621 3895 685 In
3918 640 4024 687 eo·

2532 717 2682 783 dem
2721 719 2930 784 serius
2967 733 3353 804 argumento
3400 733 3690 785 versatus
3740 736 3841 785 est
3874 742 4022 787 eru-

2530 820 2700 885 ditus
2722 823 2914 884 abbas
2933 824 3383 901 Mazzolenus,
3407 822 3537 906 qui,
3565 842 3713 886 cum
3734 825 3801 887 in
3820 824 4021 888 anim-
4101 892 4124 903 ῃ

2529 924 3027 989 adversionibus
3103 924 3184 989 ad
3260 925 3648 988 numismata
3752 929 4016 991 maximi
4077 962 4088 969 ·

2523 1026 2776 1090 moduli
2824 1026 3032 1089 musei
3078 1025 3294 1088 Pisani
3341 1028 3732 1110 praecipuos
3784 1031 4015 1095 Caesa·
4101 1022 4112 1031 ’

2520 1152 2669 1193 rum
2703 1129 2925 1193 titulos
2956 1126 3259 1191 adcurate
3293 1127 3417 1191 sibi
3456 1130 3876 1212 explicandos
3914 1153 4022 1197 sn-

2526 1244 2778 1308 meret,
2820 1232 2890 1295 in
2914 1229 3474 1295 animadversione
3493 1234 3603 1301 VI.
3634 1239 3715 1297 de
3751 1238 4019 1300 Consule

2524 1336 2725 1400 talem
2777 1333 2846 1396 in
2893 1332 3335 1398 examinandis
3388 1330 3488 1394 his
3532 1334 3717 1418 Pagii
3759 1337 4012 1422 regulis

2526 1437 2791 1501 modum
2830 1438 3078 1514 tenuit,
3119 1449 3192 1498 ut
3228 1434 3607 1500 universum
3650 1436 3824 1500 istud
3868 1458 4016 1505 exa-

2525 1559 2677 1602 men
2728 1553 3050 1623 perpetua
3103 1540 3187 1603 sit
3238 1559 3497 1615 earum,
3561 1558 3634 1600 ac
3666 1538 4015 1620 justissima

2523 1642 2983 1724 reprehensio.
3023 1643 3182 1703 Post
3198 1640 3361 1704 haec
3382 1640 3668 1704 virorum
3687 1653 4016 1722 praestan·

2526 1744 2687 1805 tium
2738 1741 2975 1804 iudicia
3018 1762 3282 1824 possum
3325 1763 3534 1805 meam
3579 1740 4010 1806 confidentius

2525 1842 2825 1931 profiteri
2863 1844 3291 1920 sententiam,
3337 1863 3502 1926 quae
3537 1856 3669 1921 est,
3714 1843 3878 1906 nibil
3909 1844 4011 1907 bis
4047 1900 4052 1907 ,

2522 1946 2711 2029 Pagii
2754 1946 3004 2029 regulis
3049 1947 3256 2026 magis
3311 1966 3457 2009 esse
3501 1943 3856 2021 fluctuans,
3914 1944 4012 2005 in-

2525 2063 2818 2126 certum,
2878 2048 3327 2124 arbitrarium,
3387 2061 3455 2111 et
3499 2066 4011 2132 quaquaversum

2522 2169 2558 2212 a
2603 2150 2747 2213 viro
2808 2149 3071 2219 erudito
3137 2148 3219 2212 ad
3280 2150 3790 2215 confirmandam
3832 2171 4013 2214 suam

2525 2252 2905 2336 opinionem
2932 2251 3097 2314 facta
3127 2251 3439 2316 historica
3458 2299 3496 2331 ,.
3522 2272 3596 2316 ac
3635 2273 4014 2316 monumen·

2520 2366 2587 2416 ta
2666 2374 2896 2416 eorum
2993 2355 3282 2437 ipsorum
3363 2355 3658 2440 ingratiis
3743 2354 4012 2420 adferri.

2521 2454 2881 2517 Enimvero
2954 2470 3375 2541 posteaquam
3450 2475 3685 2539 magno
3761 2456 4009 2535 labore,

2519 2555 2768 2637 majore
2847 2558 3041 2621 etiam
3113 2558 3332 2621 taedio
3406 2559 3769 2643 hypaticam
3807 2545 4013 2621 'hanc

2521 2657 2660 2742 ejus
2700 2658 3224 2722 dissertationem
3261 2660 3597 2727 finiveram
3622 2703 3639 2734 ‚
3682 2676 3819 2746 tum
3855 2651 4044 2725 sane'

2518 2759 2760 2837 multo,
2840 2774 3033 2846 atque
3094 2774 3281 2825 antea
3342 2762 3628 2847 apertius
3688 2761 4006 2842 intellexi,

2516 2864 2949 2949 imperatores
2980 2864 3048 2926 in
3077 2866 3479 2950 capessendo
3498 2865 3844 2957 ,consulatu
3867 2857 4010 2928 nul·

2514 2966 2597 3028 lis
2629 2987 2700 3028 se
2734 2966 2997 3050 legibus
3034 2967 3426 3050 subjecisse,
3472 2966 3621 3043 sed,
3666 2980 3739 3030 ut
3766 2968 3830 3029 in
3867 2970 4008 3052 ple-

2514 3067 2737 3151 risque
2773 3068 2973 3130 rebus
3017 3069 3158 3131 aliis
3201 3091 3380 3133 suam
3419 3090 3697 3133 unorum
3744 3083 4039 3150 secutos,

2514 3168 2717 3231 fuisse
2759 3169 3139 3257 libidinem,
3201 3193 3351 3234 cum
3400 3185 3617 3234 tamen
3664 3170 3804 3256 ipse
3855 3190 4007 3234 con·

2513 3271 2784 3334 trarium
2821 3274 3010 3362 nobis
3052 3274 3253 3336 vellet
3286 3271 3716 3357 persuadere,
3762 3272 3882 3334 sed
3917 3272 4007 3338 vf-

2514 3372 2732 3450 ribus,
2777 3387 2848 3436 ut
2902 3386 3172 3439 eventus
3226 3372 3480 3450 docuit,
3533 3388 3683 3457 post
3734 3373 4001 3437 immen-

2517 3494 2652 3556 sam
2717 3476 3202 3537 contentionem
3266 3475 3333 3538 in
3393 3487 3659 3538 ventum
3722 3475 4006 3561 denique

2515 3571 2761 3639 effusis.
2855 3574 3064 3670 Quam
3106 3567 3162 3638 is
3200 3575 3537 3639 fallacibus
3571 3579 3819 3660 regulis
3853 3599 4000 3642 cum

2514 3677 2952 3739 consulatibus
3010 3676 3245 3740 eodem
3300 3677 3364 3738 in
3410 3699 3612 3761 opere
3663 3680 4003 3764 copulave-

2510 3778 2596 3838 rit
2634 3779 2825 3841 etiam
2879 3771 3187 3843 votorum
3226 3780 3801 3864 quinquennalium
3840 3802 3999 3843 nun·

2508 3881 2960 3963 copationem,
3004 3882 3251 3962 patebit
3299 3902 3381 3943 ex
3426 3881 3538 3959 iis,
3584 3902 3749 3967 quae
3784 3881 3850 3945 in
3884 3882 3999 3948 bo·

2503 4003 2650 4046 rum
2682 3996 2958 4049 tractatu
2990 3982 3390 4048 docebimus.

2627 4085 2749 4147 His
2796 4087 3108 4169 expositis
3157 4085 3238 4150 ad
3286 4067 3733 4168 explicandam
3767 4105 3995 4150 consu·

2502 4185 2669 4249 latus
2704 4188 3061 4267 rationem,
3105 4187 3313 4271 qualis
3364 4187 3516 4251 inde
3555 4212 3591 4251 a
3626 4186 3792 4251 Iulio
3836 4187 3990 4252 Cae·

2503 4308 2648 4351 sare
2706 4288 2827 4350 fuit
2890 4292 3273 4365 constituta,
3347 4304 3413 4353 et
3474 4311 3597 4374 per
3658 4289 3994 4375 sequentia

2506 4390 2780 4475 imperia
2833 4414 3034 4477 usquc
3087 4392 3165 4458 ad
3221 4393 3613 4474 antiquatum
3667 4412 3815 4454 eum
3865 4379 3998 4455 ma·

2505 4493 2844 4574 gistratum
2879 4495 3110 4571 valuit,
3138 4507 3612 4572 ‘convertemur
3631 4509 3666 4572 ,’
3694 4493 3995 4556 omnibus

2503 4595 2692 4679 hujus
2734 4597 3100 4679 argumenti
3135 4587 3342 4660 causis
3376 4609 3650 4681 propter
3679 4598 3993 4660 materiae

2507 4698 2878 4761 varietatem
2934 4699 2996 4760 in
3053 4713 3269 4763 certos
3314 4701 3622 4764 articulos
3670 4700 3997 4782 sepositis.

4025 3455 4068 3478 ae
