4388 5576
1069 478 1211 563 13‘0

1061 661 1258 745 phiae
1303 655 1680 744 praeceptis
1728 657 1990 731 hausta,
2064 666 2203 718 tum
2251 671 2416 718 vero
2459 674 2556 717 ar-

1060 762 1238 825 tibus
1286 762 1586 824 omnibus
1632 758 2008 841 literisque,
2079 767 2148 819 et
2175 756 2557 840 cumprimis

1067 864 1339 926 Graccis
1393 860 1738 942 insigniter
1816 858 2173 936 eruditum,
2222 845 2320 922 'et
2382 858 2557 944 quod

1015 965 1348 1027 „maxime
1407 962 1704 1025 mirabile
1760 959 1972 1025 visum
2047 960 2115 1020 in
2190 959 2368 1036 viro,
2445 959 2558 1043 qui

1067 1086 1329 1130 omnem
1361 1078 1718 1127 anteactam
1754 1063 1946 1124 vitam
1994 1061 2060 1123 in
2094 1060 2553 1144 philosophiae

1057 1168 1205 1228 xotio
1264 1166 1614 1248 transegit,
1689 1176 1965 1246 repente
2030 1161 2112 1223 ad
2171 1182 2347 1223 arma
2406 1180 2589 1242 evo-p

1064 1285 1279 1332 catum
1337 1268 1710 1330 rudimenta
1783 1264 1945 1325 belli
2010 1261 2183 1323 inter
2254 1260 2557 1322 victorias

1066 1368 1470 1450 occoepisse.
1520 1369 1606 1430 At
1640 1364 1919 1430 eundem
1957 1364 2157 1424 fuisse
2197 1361 2449 1445 gloriae
2482 1381 2557 1423 ac

1064 1472 1403 1556 popularis
1456 1489 1648 1532 aurae
1691 1468 1836 1550 plus
1869 1486 2056 1548 quam
2092 1463 2557 1546 philosophum

1069 1568 1377 1649 deceret,
1419 1584 1833 1656 appetentem
1861 1613 1878 1644 ,
1942 1579 2323 1650 peccantem
2359 1566 2558 1626 inter·

1066 1671 1223 1738 dum
1287 1673 1355 1732 in
1414 1671 1495 1734 iis
1556 1672 1758 1755 ipsis,
1829 1688 1991 1749 quae
2052 1668 2117 1727 in
2181 1666 2554 1729 Constantio

1063 1775 1475 1856 culpaverat,
1552 1790 2016 1852 nonnunquam
2079 1768 2148 1828 in
2207 1767 2553 1830 vindictam

1065 1897 1382 1960 pronum,
1431 1877 1786 1959 scriptores
1838 1869 2225 1954 perhibent,
2285 1889 2414 1931 non
2448 1887 2557 1931 ve-

973 1979 980 1986 ’
1063 1998 1140 2041 ro
1171 1977 1430 2066 novisse
1470 1976 1800 2072 imperare
1831 1972 2092 2052 linguae
2115 2016 2132 2047 ,
2179 1984 2246 2031 et
2276 1970 2553 2033 abstine-

1059 2102 1136 2143 re
1184 2080 1414 2143 amaris
1464 2077 1704 2139 salibus
1760 2074 2167 2155 aculeisque‚
2226 2073 2364 2153 ipsa
2410 2074 2550 2155 ejus

1062 2184 1302 2266 scripta
1357 2178 1617 2240 adfatim
1676 2188 2016 2237 testantur.
2115 2173 2429 2236 Levitatis
2479 2195 2554 2236 ac

1061 2283 1439 2364 impotentis
1497 2277 1691 2340 animi
1746 2287 2197 2358 argumentum
2271 2274 2548 2357 insigne,

1063 2383 1240 2468 quod
1274 2363 1663 2470 pro'vocatus
1686 2375 2222 2439 Antiochensium
2262 2375 2551 2439 dicteriis

1061 2499 1127 2546 ct
1205 2484 1537 2546 traductus
1607 2478 1942 2554 acerbius,
2034 2477 2210 2558 quod
2249 2475 2549 2550 ‘barbam

1062 2590 1308 2661 aleret,
1355 2598 1422 2646 et
1469 2581 1830 2652 austeriore
1866 2573 2032 2640 vitae
2081 2578 2552 2641 consuetudine

1059 2701 1379 2760 uteretur,
1425 2707 1571 2748 cum
1597 2697 2025 2745 contemnere
2049 2692 2354 2761 angustae
2377 2700 2556 2740 men-

1059 2795 1140 2854 tis
1204 2791 1434 2872 vulgus
1500 2797 1871 2868 oporteret,
1928 2780 2229 2864 injuriam
2295 2779 2548 2861 objecta

1061 2892 1359 2956 oratione
1408 2886 1792 2965 vindicavit,
1839 2906 2025 2967 quam
2075 2881 2547 2967 Μισοπωιγωνει,

1064 3016 1310 3059 osorem
1343 2994 1608 3066 barbae,
1651 2988 2018 3069 inscripsit,
2062 2985 2312 3069 inqua,
2357 3004 2551 3067 quam

1052 3098 1108 3157 is
1141 3096 1339 3157 multa
1390 3094 1612 3173 inepta
1660 3105 1850 3172 atque
1905 3088 2162 3149 inficeta
2207 3084 2544 3160 effutierit,

1056 3199 1120 3258 in
1160 3195 1507 3280 propatulo
1551 3206 1687 3267 est,
1746 3190 1932 3272 cujus
1969 3187 2344 3269 exemplum
2390 3185 2549 3248 lem-

1056 3300 1372 3362 niscatum
1426 3295 1593 3358 infra
1669 3293 1736 3353 in
1811 3291 2022 3353 numis
2081 3289 2271 3355 dabo.
2384 3290 2547 3352 Cum

2228 459 2796 544 IVLIANVS
2880 461 2973 543 11.

2673 646 2907 713 deceat
2934 648 3436 737 philosophum,
3478 652 3756 719 aliorum
3799 656 3980 723 aliter
4003 660 4143 725 sen·x
4246 705 4261 714 .

2671 748 2970 816 tientium
3020 754 3381 820 doctrinam
3432 759 3759 844 patienter
3793 759 4000 839 ferre,
4060 782 4134 826 an

2671 853 2788 916 ille
2834 855 3555 944 germanipltilosopbi
3586 873 3804 942 partes
3839 862 4132 945 implevit,

2671 976 2820 1017 cum
2851 959 3330 1041 Epicureorum
3352 1003 3369 1034 ,
3430 962 3987 1046 scepticorumque
4019 963 4137 1027 dic·

2672 1069 2799 1119 tata
2830 1056 3055 1141 iniquo
3098 1051 3313 1123 animo
3342 1060 3488 1122 tulit
3514 1106 3532 1137 ,
3580 1076 3649 1124 et
3687 1063 3950 1127 abolere
3980 1064 4137 1128 adla-

2664 1156 2974 1221 boravit?
3031 1171 3156 1245 qua
3208 1162 3274 1222 in
3317 1180 3393 1223 re
3443 1147 3649 1226 multo
3687 1174 3838 1228 sane
3879 1166 4138 1229 inferior

2670 1261 2926 1323 habitus
2965 1277 3061 1324 est
3094 1263 3185 1325 M.
3210 1257 3519 1341 Aurelio,
3565 1267 3679 1350 qui
3725 1269 3959 1330 stoicus
4004 1269 4135 1351 ipse

2671 1363 3034 1444 Epicureos
3092 1378 3304 1427 tamen
3352 1364 3625 1442 iisdem,
3700 1369 3929 1452 quibus
3976 1389 4140 1444 suos,

2672 1463 3004 1527 beneficiis
3042 1464 3282 1527 adfecit
3313 1469 3394 1552 ¹¹).
3480 1468 3860 1534 Descivisse
3906 1492 3940 1532 a
3969 1468 4141 1531 Chri·

2671 1566 2889 1627 stianit
2936 1566 3135 1628 sacris
3188 1567 3447 1629 crimini
3499 1566 3775 1646 datum„
3826 1569 3913 1634 ob
3964 1589 4143 1655 quam

2670 1686 2924 1729 causam
2977 1668 3039 1733 ei
3091 1673 3447 1748 Apostatao
3499 1689 3740 1734 nomen
3789 1674 3967 1735 velut
4005 1691 4144 1755 pro-

2669 1769 2885 1853 prium
2921 1768 3191 1830 inditum
3229 1771 3318 1851 *).
3409 1772 3576 1834 Satis
3616 1788 3902 1851 constat,
3945 1775 4143 1838 adhuc

2669 1887 2947 1951 puerum
2987 1867 3485 1950 nonnullorum,
3550 1874 3787 1957 quibus
3820 1875 4148 1939 literarum

2668 1987 2858 2032 causa
2918 1968 3298 2066 familiarius
3363 1976 3701 2052 utebatur,
3792 1978 4144 2062 praeceptis

2668 2071 2751 2133 ad
2792 2087 3011 2134 vetera
3050 2073 3335 2136 instituta
3371 2076 3568 2138 fuisse
3603 2073 3949 2146 imbutum.
4032 2086 4151 2143 An-

2669 2173 2887 2236 xerint
2921 2174 3250 2257 ingestum
3282 2175 3501 2239 odium
3526 2179 3988 2266 episcoporum
4019 2180 4149 2262 ejus

2668 2275 2897 2337 aetatis
2940 2275 3302 2350 dissensus,
3364 2277 3611 2362 jurgia,
3676 2295 3749 2343 et
3796 2282 4151 2365 aliquorum

2666 2394 2801 2435 non
2828 2373 3099 2441 serenda
3121 2377 3408 2452 ambiti0‚
3446 2391 3579 2441 tum
3606 2399 3772 2443 vero
3802 2396 4169 2444 conventus·

2664 2473 2731 2536 in
2771 2477 2933 2540 locis
2970 2478 3483 2560 disiunctissimis
3513 2501 3725 2563 usque
3761 2503 3845 2545 eo
3866 2484 4159 2567 frequen-

2668 2578 2815 2654 tati,
2860 2580 3029 2643 utin
3083 2599 3315 2642 eorum
3351 2596 3760 2645 commeatus
3815 2605 4011 2670 saepe
4058 2603 4159 2647 ve·

2667 2679 2885 2742 hicula
2930 2681 3226 2766 publica,
3285 2694 3353 2743 et
3404 2682 3471 2741 in
3492 2686 3771 2760 viatica,
3819 2707 3969 2748 nam
4010 2683 4160 2769 pub·

2662 2781 2790 2845 lice
2857 2782 3378 2866 praebebantur,
3440 2784 3586 2848 fere
3656 2787 3988 2851 aerarium
4054 2787 4159 2848 de-

2662 2882 2932 2959 ficeret,
2995 2900 3123 2948 tam
3177 2909 3328 2953 raro
3381 2906 3461 2950 ex
3520 2887 3622 2947 hia
3674 2889 4026 2973 colloquiis
4071 2909 4161 2949 se·

2638 2997 2809 3046 'cuta
2868 3006 3063 3070 pace,
3137 3001 3207 3050 ut
3269 2989 3667 3073 plerumque
3746 2992 3944 3053 ctiam
4021 2991 4160 3050 odia
4236 3022 4239 3027 ·

2663 3088 3188 3152 intenderentur.
3272 3091 3361 3152 Et
3409 3091 3721 3171 quoniam
3779 3093 4009 3156 harum
4062 3094 4188 3152 ami

2664 3203 2881 3251 ctores
2921 3189 3315 3271 synodorum
3336 3246 3339 3247 γ
3363 3192 3487 3276 ipsi
3526 3193 3944 3272 potissimum
3966 3194 4158 3254 'fuere

2665 3292 3121 3353 Constantinus
3170 3295 3302 3370 M„
3362 3313 3439 3355 ac
3485 3291 3666 3357 filius
3728 3294 4159 3361 Constantius,

1122 3625 1186 3695 a)
1223 3619 1380 3683 Vide
1413 3617 1551 3680 vot.
1588 3616 1718 3679 vlt.
1756 3635 1891 3692 pag.
1928 3615 2020 3677 66.
2067 3638 2070 3641 ·

1047 3792 1048 3795 η
1137 3750 1196 3819 ¹¹)
1239 3736 1575 3811 Αποςατης
1629 3744 1676 3800 is
1720 3722 1957 3809 dicitur,
1997 3739 2098 3814 qui
2128 3749 2348 3815 partes,
2388 3758 2532 3813 quas
2562 3740 2732 3796 antea
2758 3749 2990 3805 secutus
3015 3752 3119 3808 est,
3158 3750 3262 3797 aut
3281 3732 3632 3812 institutum,
3677 3740 3852 3819 quod
3871 3744 4164 3820 professus

1231 3846 1319 3893 cst
1339 3876 1355 3904 ,
1396 3845 1613 3890 mutata
1644 3831 1940 3891 voluntate
1971 3828 2208 3885 descrit.
2248 3829 2299 3882 A
2328 3827 2495 3884 vario
2521 3847 2661 3903 crgo
2694 3828 2993 3886 hominum
3024 3826 3245 3902 judicio
3262 3829 3515 3903 pendet,
3556 3845 3767 3891 utrum
3790 3835 3942 3893 haec
3972 3855 4003 3889 a
4039 3854 4167 3891 cau.

1230 3943 1295 3980 sa
1325 3922 1524 3999 priore
1559 3919 1808 3978 desectio
1839 3916 2018 3975 laude
2052 3917 2230 3991 digna
2265 3918 2371 3983 sit,
2411 3936 2486 3973 an
2506 3918 2818 3995 vituperio.
2859 3916 3124 3974 Hominis
3143 3908 3421 3995 Epicurei
3445 3917 3523 3975 ad
3545 3921 3793 3977 Stoicos
3824 3914 4165 3989 dnosaeaa»

1231 4006 1615 4088 probaverint
1636 4008 1836 4077 Stoici,
1869 4005 2337 4082 vituperaverint
2356 4006 2652 4083 Epicurei.
2693 4007 2854 4065 Fecit
2874 4006 3064 4081 ‘igitur
3097 4005 3362 4081 ignorata
3400 4006 3679 4065 vocabuli
3700 4012 3928 4069 Graeci
3958 4006 4169 4087 signifi·

1113 4164 1116 4171 ,
1239 4099 1422 4166 cati0‚
1464 4109 1526 4153 ut
1553 4096 1858 4174 plerique,
1899 4094 1999 4169 qui
2038 4097 2099 4149 iu
2125 4092 2474 4152 admirando
2503 4095 2727 4152 Iuliano
2766 4094 3005 4150 modum
3049 4115 3381 4175 excessere,
3422 4095 3844 4156 irascerentur
3876 4100 4031 4159 illis.
4074 4099 4168 4175 qui

1145 4230 1150 4237 ψ
1228 4193 1561 4264 Apostatae
1589 4186 1759 4243 illum
1794 4184 2061 4250 nomine,
2103 4195 2382 4258 tanquam
2426 4184 2885 4251 contumelioso,
2926 4183 3283 4261 distinguere
3316 4195 3529 4256 amant.
3582 4186 3717 4243 Hos
3767 4188 3930 4246 inter
3956 4186 4170 4246 Voltai·

1229 4283 1386 4339 rius:
1428 4280 1485 4337 Il
1510 4282 1627 4352 η’]
1658 4296 1697 4332 a
1721 4294 1837 4351 pas
1868 4291 2087 4330 encore
2121 4275 2419 4345 longtems
2449 4284 2630 4347 qu'on
2669 4293 2741 4330 ne
2773 4277 2948 4330 citoit
2981 4292 3093 4329 son
3127 4293 3270 4329 nom
3304 4280 3551 4347 qu'cwec
3592 4274 3923 4352 l'e'pithe'te
3958 4278 4171 4351 d’Apo.

1186 4376 1193 4389 '
1227 4382 1372 4439 stat,
1413 4379 1469 4425 et
1497 4376 1640 4425 c'esl
1676 4362 1946 4442 peucetre
1993 4364 2052 4421 le
2103 4364 2249 4439 plus
2286 4364 2491 4439 grand
2527 4364 2709 4442 qff'ort
2742 4363 2817 4418 de
2852 4362 2913 4418 la
2958 4366 3207 4429 raison,
3249 4370 3435 4437 quj0n
3471 4367 3559 4419 ait
3591 4370 3774 4438 enfin
3808 4367 3985 4426 cesse*
4011 4368 4084 4425 de
4121 4370 4170 4421 [ε

1229 4459 1511 4532 dc'st'gner
1547 4457 1622 4512 de
1648 4475 1713 4511 ce
1747 4473 1985 4510 surnom
2011 4452 2323 4525 injurienx.
2367 4454 2558 4526 (Suite
2593 4454 2695 4510 des
2722 4450 3020 4527 Mdlangcs
3066 4451 3138 4508 de
3168 4452 3491 4508 litterature
3523 4464 3642 4509 etc.
3702 4457 3896 4513 Tome
3925 4459 4028 4517 IV.
4062 4455 4164 4512 Ch.

1225 4551 1344 4620 63.)
1387 4548 1767 4609 Contranon
1805 4537 2039 4603 uererer
2073 4542 2445 4600 Christianus
2489 4562 2631 4619 ego,
2672 4552 2929 4617 spectata
2978 4540 3101 4614 ejus
3133 4541 3296 4599 vocis
3332 4532 3541 4609 natura
3594 4542 3808 4618 ipsum
3842 4543 4172 4605 Constanti·

1225 4656 1369 4696 num
1420 4636 1497 4691 Μ.
1552 4653 1765 4696 vocare
1817 4635 2191 4710 Apostolum,
2256 4633 2486 4711 quip'pc
2545 4632 2648 4707 qui
2700 4630 2932 4706 abjecto
2993 4628 3389 4709 polytheismo
3453 4628 3819 4692 Christiana
3871 4655 4039 4717 saep„
4093 4652 4175 4693 w,

1230 4725 1438 4802 spexit.
