4388 5576
966 417 1119 495 DE
1202 374 1934 496 TRIBVNI'TM
1986 415 2756 497 -Po‘rEsTATE

275 627 409 670 sam
445 623 686 690 quaeso
726 601 1126 676 edisserant,
1193 618 1317 662 cur
1357 617 1525 661 anno
1566 594 1651 669 V.
1694 596 1769 661 0.

3225 439 3370 513 43⁴1

2012 601 2188 662 lMP.
2205 599 2413 668 SEV.
2448 603 2889 667 ALEXAND.
2927 603 3124 670 AVG.
3173 609 3380 684 Caput-

277 728 441 790 9717,
493 725 629 791 quo
688 707 957 768 ineunte
1013 699 1389 763 Alexander
1446 700 1772 784 processit
1883 705 2267 766 laureatum.
2298 700 2447 765 ΞΡ.
2476 707 2570 768 Μ.
2608 708 2752 769 ΤΒ
2777 706 2850 766 Ρ
2872 707 3012 773 vn
3042 706 3230 769 cos
3266 709 3375 771 111

281 808 512 872 consul
553 811 631 872 11.
655 851 674 882 ,
717 820 787 869 et
822 821 952 892 quo
988 804 1248 868 labente
1281 822 1406 888 per
1453 816 1589 865 ties
1624 801 1774 865 fere

282 911 578 992 integros
640 926 903 971 menses
963 906 1359 970 tribunatum
1404 903 1616 968 adhuc
1661 904 1773 973 IV.

1887 804 1962 863 P.
1983 803 2055 863 P.
2104 808 2295 866 Miles
2317 808 2627 885 ‚qr-adiens
2643 811 2702 867 d.
2722 828 2989 894 ramum,
3032 829 3081 869 s
3101 813 3376 889 stastum.

1888 904 1960 967 In
2012 903 2177 966 alio.
2244 901 2435 970 Miles
2476 919 2671 970 stans
2697 913 2759 973 d.
2811 911 3093 984 hastam,
3154 931 3206 972 s.
3246 916 3378 993 cly-

285 1012 526 1086 tenuit,
572 1033 897 1096 nunquam
941 1009 1200 1092 legatur
1262 1008 1329 1069 in
1373 1008 1586 1068 numia
1633 1006 1775 1067 ΤΒ.
1881 1027 2090 1090 peum.
2135 1006 2274 1069 AR.

285 1115 359 1177 P.
392 1116 541 1190 lv„
588 1113 915 1189 cOS.11.‚
961 1113 1078 1176 sed
1111 1121 1487 1176 constanter
1527 1110 1666 1170 ΤΒ.
1697 1107 1774 1170 P.

285 1220 364 1284 V.
411 1217 603 1282 008.
661 1218 778 1292 ΙῙ.,
841 1225 1034 1302 atque
1106 1209 1334 1276 eadem
1393 1209 1674 1271 ratione
1708 1206 1773 1268 in

284 1319 497 1380 numis
546 1317 697 1379 anni
734 1319 811 1384 V.
866 1319 939 1380 0.
983 1318 1106 1400 982
1153 1334 1284 1376 non
1339 1313 1479 1375 ΤΒ.
1525 1311 1597 1370 Ρ.
1629 1308 1775 1378 vn.

285 1419 474 1486 008.
522 1419 659 1480 111.
698 1415 983 1499 demptis
1058 1415 1270 1478 nuruis
1334 1413 1616 1496 aliquot,
1691 1408 1775 1474 de

283 1520 520 1606 quibus
566 1518 772 1594 infra,
832 1499 950 1580 sed
997 1537 1260 1599 semper
1307 1515 1445 1573 ΤΒ.
1496 1513 1568 1572 Ρ.
1601 1511 1774 1577 VIII.

284 1620 475 1686 008.
512 1624 620 1686 III.
641 1620 673 1683 ‘2
722 1621 980 1717 Quanto
1020 1620 1281 1701 gravius
1316 1636 1392 1678 ea
1424 1610 1778 1694 difficultas

278 1739 535 1808 premat
552 1721 1089 1796 Malichai-,bum
1136 1719 1248 1802 qui
1276 1718 1592 1781 natalem
1574 1735 1780 1797 impe-

278 1828 365 1890 rii
404 1823 758 1889 Alexandri
798 1825 863 1884 in
913 1825 1126 1905 ipsum
1161 1818 1620 1907 Septembrem
1654 1813 1781 1878 dif-

264 1927 446 2004 ¹fert,
495 1946 689 1988 nemo
724 1941 855 1986 non
899 1922 1096 1985 videt.

410 2032 493 2091 At
526 2028 850 2090 habentur
870 2023 1228 2088 Alexandri
1254 2022 1437 2086 numi
1470 2020 1781 2084 refracta-

281 2113 753 2212 rii,qu1⁴''*nulli
788 2146 935 2190 sese
952 2125 1313 2190 sententiae
1344 2109 1780 2262 applicati-ipa·

261 2233 568 2306 ditantur,
614 2231 741 2291 uti.

216 2389 233 2402 .
411 2334 588 2395 IMP.
630 2335 706 2395 0.
742 2333 833 2394 u,
867 2331 1066 2398 AVR.
1107 2328 1297 2397 SEV.
1333 2326 1777 2389 ALEXAND.

281 2433 489 2503 AVG.
566 2438 774 2514 Caput
833 2437 1218 2496 laureatum.
1305 2427 1353 2488 Ξ
1420 2427 1775 2492 PONTIF.

281 2538 498 2598 MAX.
542 2532 679 2597 OE‘R.
719 2535 792 2594 Ρ.
832 2532 904 2592 11.
948 2531 1135 2595 008.
1168 2534 1245 2593 11.
1289 2531 1366 2595 P.
1411 2531 1485 2595 P.
1575 2534 1777 2592 Roma

272 2642 548 2720 quleata
579 2639 802 2697 sedens
834 2628 1349 2697 d.'Victoriolam
1366 2677 1384 2709 ‚
1429 2655 1479 2695 s.
1500 2637 1773 2708 hastam,

276 2744 457 2804 humi
484 2735 762 2820 clypeus.
808 2734 951 2802 AB.

407 2842 498 2903 Hi
530 2839 710 2901 numi
740 2856 956 2921 neque
992 2829 1317 2900 st'tbaerati
1337 2847 1514 2915 sunt,
1560 2853 1776 2919 neque

279 2942 768 3026 infrequentes3
813 2960 961 3001 nam
1006 2941 1068 2999 in
1109 2938 1252 3001 solo
1286 2957 1513 3001 museo
1551 2938 1784 2999 Caesa-

281 3064 403 3108 reo
442 3043 685 3104 horum·
712 3055 990 3123 quatuor
1027 3041 1479 3104 adservantur.
1539 3035 1782 3124 Quam·

186 3213 191 3217 ,
283 3162 540 3226 cunque
590 3141 977 3204 sententiam
1014 3141 1450 3222 amplectare,
1495 3138 1782 3199 tribuna·

285 3261 388 3309 tus
410 3247 489 3306 11.
512 3266 659 3308 cum
682 3243 1025 3306 consulatu
1053 3244 1133 3304 11.
1165 3238 1519 3301 Alexandri
1544 3237 1780 3300 sociari

189 3415 196 3423 ,
282 3345 535 3430 nequit.
623 3344 710 3405 At
771 3351 929 3403 (tum
1004 3340 1366 3416 videamus,
1439 3339 1507 3399 in
1568 3338 1781 3399 numis

290 3445 631 3529 Elagabali
665 3441 936 3506 eandem
975 3443 1240 3504 omnino
1301 3437 1602 3503 exhiberi
1636 3460 1782 3524 par-

280 3565 419 3612 tem
494 3566 829 3619 aversam,
900 3563 1092 3626 quam
1150 3555 1533 3624 praesentes
1598 3540 1780 3603 numi

289 3640 616 3726 offerunt,
662 3646 1049 3710 docebimur
1097 3643 1441 3721 continuo,
1490 3644 1665 3727 quod
1713 3656 1783 3706 et

284 3755 443 3818 alias
478 3753 719 3815 factum
753 3750 1085 3818 novimus,
1148 3745 1584 3823 monetarios,
1630 3765 1779 3831 curn

281 3853 644 3919 Alexandri
701 3872 937 3919 recens
1012 3848 1089 3911 ad
1152 3846 1499 3931 imperium
1565 3847 1780 3935 evecti

278 3974 523 4021 numos·
550 3953 1106 4038 deproperat-ent,
1150 3963 1417 4013 veteres
1463 3947 1779 4033 Elagaba-

280 4062 337 4125 li
378 4058 687 4128 matrices
739 4051 1100 4119 Alexandri
1150 4052 1345 4135 capiti
1393 4052 1779 4136 applicasse.

286 4164 552 4224 Revera
610 4156 800 4239 hujus
871 4156 1109 4231 facies,
1189 4176 1378 4239 quam
1451 4155 1522 4215 hi
1597 4142 1780 4217 numi

288 4270 652 4329 ostentant,
710 4256 1036 4339 ejusmodi
1089 4269 1223 4333 est,
1281 4256 1488 4342 qualis
1545 4256 1611 4318 in
1664 4277 1781 4317 nu-

286 4358 427 4422 mis
448 4357 648 4423 certis
680 4359 893 4441 primo
927 4359 1069 4443 ejus
1103 4378 1270 4465 anno
1312 4357 1579 4440 signatis
1627 4379 1782 4424 con·

288 4460 581 4546 spicitur.

414 4560 628 4626 Multo
660 4558 762 4622 bis
794 4559 1210 4627 molestiores
1242 4573 1392 4627 sunt
1432 4561 1615 4626 numi
1642 4560 1780 4626 bini

283 4666 497 4755 musei
527 4662 867 4729 Caesarei:
1168 4684 1173 4693 λ

2015 1108 2106 1168 Hi
2134 1106 2317 1171 numi
2344 1108 2566 1172 favent
2591 1110 2953 1173 sententiae
2986 1131 3235 1190 eorum,
3270 1113 3381 1196 qui

1888 1192 2285 1275 tribunatum
2350 1208 2458 1273 die
2533 1210 2730 1273 natali
2797 1212 3059 1293 imperii
3119 1215 3379 1288 iterant,

1858 1310 2318 1394 ¹adversantur
2379 1331 2586 1374 meac.
2673 1312 3000 1380 Videntur
3073 1313 3383 1375 nimirum

1891 1411 2236 1474 monetarii
2299 1412 2556 1496 quidam
2623 1426 2915 1476 veterem
2994 1418 3388 1480 numerandi

1889 1512 2254 1575 tribunatus
2272 1506 2534 1575 modum
2561 1517 3002 1593 resuscitasse,
3042 1516 3219 1601 quod
3249 1532 3387 1581 ten·

1895 1627 2094 1676 tatum
2133 1634 2593 1695 nonnunquam
2628 1614 2921 1693 videtur,
2980 1631 3050 1679 ut
3082 1618 3238 1681 alias
3277 1643 3385 1684 ve-

1891 1715 2166 1777 risimile
2202 1715 2516 1791 diximus,
2563 1731 2629 1778 et
2662 1718 3074 1785 monebimus
3110 1719 3276 1786 infra
3318 1724 3383 1788 in

1892 1818 2318 1883 conclusione
2348 1817 2538 1899 hujus
2569 1819 2907 1883 doctrinae
2938 1821 2991 1896 §.
3027 1822 3140 1891 IV.

2308 2023 2964 2087 MAXIMJNVS.

2018 2222 2455 2307 Exposuimus
2491 2223 2579 2285 rin
2621 2223 2816 2305 hujus
2874 2236 3133 2289 moneta
3176 2225 3382 2307 litem,

1890 2346 2059 2411 quae
2090 2324 2499 2388 eruditorum
2536 2326 2886 2390 sententias
2919 2326 3003 2390 de
3052 2329 3236 2391 annis
3266 2333 3387 2393 im-

1892 2428 2062 2511 perii
2106 2427 2446 2490 Maximini
2495 2428 2823 2504 distraxit,
2889 2429 3044 2492 item
3079 2452 3270 2516 quam
3315 2437 3385 2496 in

1892 2530 2192 2592 doctrina
2238 2529 2508 2604 eorum,
2556 2532 2667 2613 qui
2715 2530 3076 2595 tribunatus
3125 2533 3233 2598 die
3275 2558 3386 2598 na-

1892 2631 2006 2692 tali
2049 2630 2310 2713 imperii
2357 2632 2633 2706 iterant,
2698 2633 2933 2695 confici
2983 2623 3112 2695 non
3170 2617 3386 2738 possit

1891 2732 2032 2816 ejus
2068 2732 2218 2797 trib.
2269 2746 2553 2816 potestas
2590 2736 2697 2801 IV·
2737 2732 2802 2795 in
2841 2734 3051 2797 numis
3101 2756 3382 2819 exarata,

1891 2855 2094 2919 quae,
2159 2836 2463 2917 quoniam
2527 2832 2888 2899 sententiae
2934 2858 3087 2901 suae
3134 2861 3204 2902 se
3251 2864 3388 2906 non

1892 2935 2383 3015 adcommodat,
2455 2939 2779 3015 maluere,
2866 2958 2982 3001 eos
3044 2958 3384 3026 suspectos

1892 3038 2363 3123 pronunciare,
2423 3040 2612 3103 irrito
2671 3042 2836 3102 sane'
2871 3054 3144 3116 conatu,
3207 3045 3384 3127 quod

1894 3152 2113 3201 certae
2176 3153 2326 3199 sunt
2380 3137 2574 3214 fidei,
2631 3160 2848 3223 neque
2909 3142 3380 3229 infrequentes.

1895 3237 2031 3301 Sed
2076 3252 2145 3301 et
2184 3240 2314 3300 alio
2359 3239 2555 3304 modo
2599 3243 2779 3301 numi
2824 3240 2975 3303 huic
3019 3249 3381 3312 sententiae

1893 3337 2341 3403 adversantur.
2465 3340 2643 3403 Adiit
2713 3343 3101 3405 Maximinus
3179 3344 3386 3430 impe-

1893 3440 2066 3503 rium
2133 3442 2399 3505 circiter
2459 3440 2680 3502 medio
2741 3463 2909 3506 anno
2961 3446 3045 3513 V.
3105 3447 3177 3510 C.
3236 3452 3384 3533 988,

1893 3554 1963 3604 et
2000 3541 2316 3625 proximis
2356 3540 2674 3606 Kalendis
2722 3544 2856 3609 Ian.
2885 3546 3013 3629 989
3060 3529 3387 3627 processit

1895 3644 2157 3720 consul,
2222 3662 2384 3726 ergo
2430 3643 2484 3704 is
2522 3665 2727 3727 usque
2772 3645 2850 3708 ad
2884 3646 3224 3711 dimidium
3268 3674 3386 3738 po-

1895 3743 2193 3807 sterioris
2224 3743 2412 3828 hujus
2450 3748 2598 3809 anni
2621 3746 2976 3809 secundum
3009 3749 3218 3815 dictae
3238 3775 3385 3818 sen-

1898 3847 2144 3913 tentiae
2199 3861 2510 3930 patronos
2570 3849 2785 3913 fuerat
2849 3851 2988 3914 ΤΒ.
3048 3854 3122 3915 Ρ.
3191 3857 3384 3924 COS.

1893 3951 1982 4011 At
2024 3950 2199 4012 euim
2247 3952 2616 4014 consulatus
2659 3953 2724 4011 in
2786 3952 2927 4034 ejus
2971 3955 3183 4019 numis
3225 3981 3389 4022 nun·

1893 4073 2086 4138 quam
2134 4071 2283 4114 cum
2330 4052 2658 4116 tribunatu
2714 4053 3011 4138 simplice
3072 4056 3384 4142 jungitur.

1892 4151 2086 4221 Vnde
2130 4154 2466 4237 sequitur,
2530 4156 2720 4217 simul
2784 4177 2937 4221 eum
2981 4164 3386 4242 processisse

1895 4255 2273 4334 consulem,
2318 4258 2506 4320 simul
2557 4258 2949 4321 tribunatum
2996 4260 3384 4343 duplicasse.

1893 4359 2291 4423 Mazzoleno
2327 4374 2462 4423 tum
2503 4359 2755 4422 habebo
2788 4359 2983 4421 fidem
3006 4405 3023 4436 ,
3086 4382 3236 4426 cum
3269 4369 3388 4429 mi·

1894 4458 1966 4521 hi
1998 4457 2366 4523 ostenderit
2386 4457 2621 4525 numos
2659 4482 2807 4525 cum
2842 4463 2982 4526 ΤΒ.
3020 4464 3095 4536 P,
3127 4469 3207 4530 11.
3244 4470 3389 4531 nul-

1894 4561 1958 4625 la
1989 4561 2243 4645 adjecta
2271 4563 2666 4651 consulatus?
2677 4564 2804 4647 jam
2843 4564 2988 4629 initi
3028 4570 3385 4646 mentione,

1896 4684 1980 4730 ex
2029 4652 2451 4777 quoopateat,
2513 4685 2630 4730 eos
2668 4683 2858 4733 cusos
2906 4690 2945 4738 a
2988 4667 3095 4733 die
3131 4674 3211 4740 X.
3253 4675 3386 4739 De-
