4388 5576
1268 453 1823 549 LICINIVS
1878 476 2354 591 „PATER-²
3251 487 3345 568 63

277 650 877 724 AVGVSTORVM
934 662 1189 737 captum
1236 673 1321 717 ex
1364 656 1739 735 Vaillantio,

274 758 382 822 sed
419 758 537 819 sibi
574 778 703 819 non
747 766 1195 839 conspectum.
1282 759 1369 820 At
1404 759 1740 828 Vaillantii

273 859 333 922 in
371 861 482 923 hac
528 868 722 924 causa
770 880 902 922 non
952 860 1227 923 maxima
1276 875 1375 920 est
1415 863 1583 943 apud
1633 882 1753 925 me⁴

268 961 444 1039 fides,
490 983 684 1047 quem
724 974 976 1024 constat
1009 956 1241 1044 parum
1270 961 1470 1025 fuisse
1510 964 1589 1026 de
1623 987 1742 1026 nu·

269 1088 504 1131 morum
541 1079 728 1150 parte
765 1054 990 1127 antiea‘
1009 1063 1357 1127 solicitum.
1416 1067 1520 1126 Ad
1556 1068 1740 1144 haec,

270 1171 384 1252 jam
437 1170 628 1234 etiam
691 1166 950 1229 additus
1010 1166 1207 1251 capiti
1265 1162 1497 1231 titulus
1530 1170 1613 1234 D.
1659 1171 1738 1234 N.

270 1271 543 1335 dubitare
600 1292 734 1336 non
793 1269 976 1346 sinit,
1035 1291 1303 1331 numum
1362 1269 1536 1333 hune
1592 1291 1740 1334 esse

271 1374 467 1457 potius
541 1372 663 1434 filii
735 1372 1006 1449 Licinii,
1081 1371 1166 1434 de
1242 1393 1367 1455 qua
1439 1370 1740 1456 peristasi

271 1496 406 1538 mox
461 1476 670 1558 plura.
763 1477 1128 1559 Supersunt
1189 1473 1375 1536 aenei
1437 1474 1567 1536 duo
1627 1473 1738 1535 111.

269 1579 531 1655 formae,
575 1599 739 1662 quos
764 1578 1145 1640 'Bandurius
1188 1596 1270 1638 ex
1306 1577 1547 1638 museis
1584 1577 1740 1637 Fra-

272 1682 391 1745 deti
436 1696 502 1745 et
553 1680 962 1744 Chamillarti
1011 1681 1276 1754 recitat,
1339 1679 1404 1739 in
1457 1700 1738 1762 quorum

266 1804 413 1849 uno:
465 1783 682 1850 IOVI.
731 1780 1445 1848 CONSERVATOm.
1493 1781 1736 1843 altero:

270 1887 455 1957 10V1.
501 1883 1225 1951 CONSERVATORI.
1263 1884 1554 1947 CAESS.
1603 1883 1738 1945 Sed

266 2008 459 2071 neque
518 1988 622 2049 bis
680 1987 1070 2049 testimoniis
1116 1987 1425 2050 continuo
1475 1984 1740 2047 videtur

268 2088 809 2154 subscribendum.
856 2092 1018 2153 Nam
1042 2108 1212 2151 scum
1259 2101 1534 2173 utraque
1575 2090 1737 2150 haee

266 2216 468 2259 aversa
532 2192 723 2281 obvia
783 2194 869 2254 sit
916 2186 991 2253 in
1046 2192 1257 2254 numis
1299 2189 1539 2253 Licinii
1596 2189 1738 2266 filii,

264 2299 397 2379 quin
448 2298 785 2382 posterior
838 2294 1029 2357 haec‘
1060 2315 1387 2376 nunquam
1449 2293 1606 2355 alias
1664 2294 1736 2353 in

261 2414 506 2463 moneta
545 2397 785 2461 Licinii
844 2396 1045 2478 patris
1104 2398 1582 2480 comparuerit,
1625 2416 1737 2461 ve-

259 2503 515 2565 risimile
551 2516 686 2578 est,
732 2498 997 2562 si·forte
1034 2499 1234 2561 facies
1271 2499 1337 2558 in
1382 2500 1483 2560 his
1520 2498 1733 2560 numis

255 2605 532 2667 nonnihil
593 2604 678 2665 sit
733 2621 964 2677 exesa,
1026 2615 1136 2664 aut
1180 2602 1235 2662 si
1279 2599 1453 2663 forte
1510 2620 1734 2662 mone·

256 2708 385 2767 *tarii
426 2706 590 2770 vitio
639 2706 942 2790 ambigua
992 2715 1140 2765 sunt
1192 2704 1325 2763 oris
1376 2703 1733 2765 lineamen-
1840 2700 1845 2701 ⁷

1844 2814 1926 2879 A.
2084 2799 2089 2802 ’
2129 2817 2534 2886 L1c1N1VS.
2580 2820 2782 2890 Ave.
2846 2831 2956 2890 vet
3001 2828 3076 2889 Ρ.
3123 2836 3229 2895 υει
3265 2832 3338 2897 Ρ.

257 2820 339 2885 ta,
378 2832 410 2871 a
460 2808 609 2892 viro
659 2807 1003 2900 praeclaro
1058 2803 1381 2868 creditum
1432 2826 1576 2880 esse
1624 2830 1730 2890 pa·

254 2911 355 2972 tris
390 2933 697 2987 numum,
743 2911 855 2994 qui
899 2908 1072 2970 forte
1121 2922 1220 2970 est
1261 2906 1414 2986 filii3
1462 2922 1529 2970 et
1573 2909 1728 2994 quid

256 3012 490 3075 tandem
527 3027 705 3076 vetat
745 3025 895 3096 post
930 3024 1027 3073 tet
1072 3013 1374 3093 exempla
1395 3011 1729 3095 ‚suspicari
1841 3018 1919 3080 B.
1964 3079 1971 3084 ,

259 3118 669 3179 monetarium
697 3115 1052 3188 incurium,
1087 3114 1524 3197 epigraphen,
1560 3134 1725 3198 quae

255 3213 359 3276 filii
397 3231 531 3294 est,
585 3219 791 3302 patris
842 3217 1038 3298 capiti
1088 3215 1598 3299 adpingentem?
1642 3218 1729 3279 At

258 3337 367 3401 quo
403 3321 614 3382 minus
650 3320 723 3380 bi
765 3320 945 3383 mimi
981 3318 1062 3381 ad
1097 3331 1349 3401 patrem
1389 3318 1725 3402 pertinere
1843 3325 1914 3388 C.

252 3423 512 3504 posent,
562 3401 758 3506 plane
802 3420 1113 3506 prohibet
1148 3419 1373 3483 tituta.
1412 3422 1493 3490 D.
1532 3423 1613 3486 N.
1657 3422 1726 3482 in

250 3520 338 3585 his
390 3527 603 3588 numis
664 3524 907 3587 Licinii
970 3523 1234 3586 nomina
1296 3523 1720 3607 praecedens.

252 3624 338 3689 An
380 3627 735 3703 credibile,
791 3626 1116 3688 Licinium
1168 3625 1435 3692 vixdum'
1481 3626 1562 3690 οε]
1606 3629 1724 3689 im·

250 3719 479 3808 perium
515 3731 851 3794 adlectum
887 3742 953 3792 et
988 3728 1199 3792 adhue
1236 3732 1584 3794 Caesarem
1616 3752 1723 3793 au-

252 3850 375 3894 sum
429 3834 756 3917 adrogare
815 3830 938 3893 sibi
996 3831 1251 3894 titulum
1318 3852 1454 3892 non
1520 3831 1719 3894 modo

251 3948 455 4018 suapte
507 3935 939 4009 invidiosum,
998 3945 1071 3994 ut
1128 3955 1324 4017 supra
1382 3933 1450 3995 in
1505 3936 1715 3997 numis
1830 3937 1909 4001 F.

250 4035 658 4113 Diocletiani,
707 4058 790 4100 ex
843 4056 970 4120 quo
1023 4033 1313 4120 privatus
1361 4023 1719 4113 vixit,‘do-

252 4137 377 4214 cui,
432 4140 548 4204 sed
607 4158 741 4223 quo
795 4156 1011 4222 neque
1056 4138 1394 4215 Galerius,
1453 4139 1562 4202 cui
1605 4141 1718 4202 ob·

251 4238 461 4304 noxius
518 4242 661 4325 ipse
726 4239 881 4317 fuit,
945 4223 1163 4325 neque
1227 4261 1469 4326 eorum·
1518 4243 1717 4322 ullus,

252 4337 350 4420 qui
386 4361 845 4423 praecessere,
904 4341 971 4404 in
1025 4364 1284 4422 summo,
1324 4344 1590 4428 fastigio
1638 4367 1716 4411 ae
1828 4347 1913 4413 H.

248 4434 561 4509 liberrima
604 4443 923 4531 quidquid
966 4446 1204 4529 agendi
1246 4461 1567 4534 potestate
1610 4450 1715 4514 usi

132 4565 141 4568 ·
200 4581 203 4584 -
250 4543 421 4615 sunt?
479 4546 603 4609 etsi
645 4547 893 4625 serius,
951 4563 1100 4614 cum
1139 4551 1468 4634 Augustus
1513 4561 1712 4633 esset,
1827 4559 1877 4620 1.

1856 664 2234 751 veterisque
2283 666 2556 729 instituti
2599 686 2672 730 ae
2718 664 2879 751 juris
2932 670 3139 754 palam
3192 686 3346 736 con·

1812 778 2179 850 .tempt.or,
2243 767 2482 846 fiducia
2532 771 2863 854 potentiae
2911 792 3043 837 non
3099 772 3348 840 dubita-

1854 866 2251 950 visprimus
2311 874 2596 933 omnium
2655 872 2949 935 involare
3010 876 3073 938 in
3120 900 3346 964 super-

1810 1043 1814 1047 ·
1855 967 2010 1030 bum
2045 973 2218 1034 hune
2257 975 2543 1051 titulum,
2593 995 2875 1058 eumque
2906 998 3050 1040 eum
3084 977 3222 1042 filio
3253 982 3350 1041 in-

1857 1071 2034 1134 fante
2085 1073 2453 1138 liberaliter
2501 1078 3019 1157 communicare,
3077 1082 3160 1145 de
3215 1103 3346 1167 quo

1855 1172 2007 1235 vide
2056 1175 2241 1256 plura
2289 1177 2458 1241 infra
2508 1180 2572 1240 in
2624 1179 3007 1245 observatis
3055 1187 3346 1266 general.

1856 1274 1975 1336 sub
2020 1279 2213 1367 titulo
2259 1285 2523 1344 Domini
2563 1288 2786 1348 nostri.
2839 1280 3127 1349 Accedat
3170 1287 3352 1351 deni-

1856 1399 1983 1462 que
2052 1380 2311 1444 illustre
2374 1384 2815 1449 testimonium
2879 1389 3174 1464 Norisii,
3236 1393 3350 1475 qui

1854 1480 2055 1544 multa
2093 1482 2158 1543 in
2196 1485 2439 1548 muscis
2475 1488 2895 1552 nobilissimis
2928 1489 3099 1555 facta
3138 1494 3350 1577 inqui-

1854 1585 2091 1647 sitione
2123 1607 2208 1648 ne
2243 1608 2444 1649 unum
2479 1590 2742 1673 quidem
2778 1592 3113 1674 professus
3141 1611 3242 1659 est
3273 1620 3347 1665 se

1855 1689 2183 1769 reperisse
2215 1689 2453 1751 Licinii
2484 1693 2684 1775 patris
2715 1715 2982 1756 numum
3017 1717 3164 1759 cum
3202 1702 3348 1766 solo

1855 1792 2149 1854 Caesaris
2202 1792 2391 1852 titulo
2423 1796 2502 1872 ε·).
2588 1795 2774 1878 Ergo
2807 1797 3166 1862 secundnm
3210 1822 3352 1866 cer-

1852 1893 2093 1955 tiorem
2146 1906 2213 1955 et
2255 1893 2720 1958 historicorum
2767 1912 2834 1961 et
2881 1921 3227 1964 numerum
3273 1905 3390 1968 fi-.

1853 1993 2001 2055 dem
2055 1995 2354 2057 Licinius
2400 1997 2591 2060 simul
2644 2000 2723 2062 ad
2767 2002 3119 2087 imperium
3170 2006 3346 2071 adle-

1853 2111 1993 2163 ctus
2038 2098 2232 2165 simul
2276 2101 2603 2185 Augustus
2643 2098 2787 2165 fuit.

2351 2351 2594 2410 Num's'
2647 2339 2842 2429 eaq'i

1850 2511 1934 2570 ab
1977 2530 2146 2574 anno
2199 2514 2273 2574 V.
2313 2514 2375 2574 e.
2419 2502 2582 2577 mco
2624 2520 2695 2578 P.
2737 2519 2821 2579 x.
2858 2525 2983 2584 307
3019 2524 3124 2584 aa
3159 2525 3239 2587 V.
3280 2491 3342 2587 e.

2077 2629 2095 2641 -
2293 2622 2462 2677 1076
2506 2618 2580 2682 P.
2624 2620 2710 2679 X.
2752 2626 2899 2684 323.

2130 2921 2205 2982 F.
2253 2921 2454 2988 AVG.
2508 2929 2614 2986 vel
2651 2929 2970 2995 sn'me'liter.
3101 2935 3110 2940 “

2125 3024 2301 3083 ῙΜΡ.
2343 3027 2413 3087 C.
2454 3025 2853 3094 LtctNIVS.
2893 3053 3044 3096 raro
3077 3035 3364 3110 LflCIN-⁷

2128 3125 2352 3191 vas.
2381 3125 2578 3192 AVG.
2601 3131 2707 3190 vel
2718 3130 2793 3195 P.
2814 3133 2923 3196 ‘vel
2931 3135 3006 3201 P.
3025 3136 3102 3197 F.
3133 3139 3348 3206 AVG.

2128 3231 2238 3290 vel
2275 3232 2590 3291 similiter.

2128 3419 2437 3495 cmlvs'.
2484 3434 2557 3493 P.
2600 3434 2680 3495 F.
2727 3436 2932 3515 AVG.

1836 3529 1919 3590 D.
2125 3532 2300 3592 ΙΜΡ.
2345 3532 2505 3596 LIC.
2548 3538 2654 3596 vel
2689 3536 2945 3600 Llc1N.
2991 3540 3100 3606 vel
3137 3544 3335 3613 LICI-

2121 3631 2466 3701 NIANVS.
2511 3634 2912 3708 LICINIVS.
2954 3644 3159 3711 AVG.

1833 3679 1929 3801 Es
2120 3736 2300 3796 ιΜΡ.
2349 3738 2420 3799 c.
2473 3737 2671 3805 vAt..
2715 3742 2879 3807 mc.
2924 3746 3331 3820 unumve.

2120 3837 2198 3902 P.
2242 3820 2318 3901 Ρ.
2362 3839 2567 3906 Ave.

2112 3940 2291 4001 ῙΜΡ.
2338 3941 2409 4004 C.
2459 3942 2536 4009 F.
2581 3945 2783 4016 VM..
2831 3948 3089 4017 LICIN.
3131 3956 3331 4024 Lim-
3413 3993 3420 3998 ’

2120 4043 2347 4109 NIVS.
2396 4046 2468 4110 P.
2511 4046 2588 4107 F.
2633 4049 2845 4118 AVG.

1796 4142 1912 4218 [G.
2115 4127 3073 4227 lMP.F1..cL.L101N1vs‚
3122 4160 3197 4229 P.
3246 4166 3325 4232 F.

2119 4247 2325 4315 AVG.
2367 4249 2638 4332 (Bana.)

2118 4351 2296 4419 IMP.
2349 4353 2419 4415 C.
2472 4352 2669 4419 ΕΑΒ.
2723 4357 2923 4426 VAL.
2973 4361 3327 4432 LICINIA·

2030 4504 2045 4522 .
2114 4453 2308 4520 NVS.
2355 4457 2425 4517 P.
2473 4455 2550 4518 F.
2597 4456 2797 4526 AVG.
2843 4460 3113 4549 (Hand.)

2115 4556 2191 4621 Ρ.
2235 4556 2635 4627 mcmtvs,
2678 4562 2882 4634 AVG.
2928 4566 3198 4653 (nana.)

258 4691 3315 4749 §m

309 4758 368 4831 a)
397 4759 633 4854 Dissert.
678 4766 756 4826 de
793 4786 954 4830 num.
989 4768 1175 4829 Licin.
1216 4790 1345 4847 cap.
1384 4767 1433 4835 Ι.

2121 3328 2298 3389 ῙΜΡ.
2333 3329 2404 3393 C.
2438 3334 2546 3392 vel
2567 3335 2686 3394 hoe:-
2716 3340 2950 3401 omz‘sso
2982 3338 3184 3408 VAL.
3219 3343 3338 3408 LI·
3465 3425 3476 3432 ᾖ
