4388 5576
1370 434 2393 567 PsEvnoMoNETA.

333 646 605 724 rellius,
651 662 766 708 eos
792 663 955 709 esse
986 660 1202 718 cusos,
1232 650 1313 703 -ut
1337 639 1606 714 inludis
1627 641 1833 707 athle-

330 748 481 815 ti'eis
500 747 980 832 praemiorum
1026 745 1183 808 loco
1244 754 1468 806 essent
1516 745 1598 827 ε).
1715 745 1832 807 Se·

224 857 235 866 '
328 848 617 917 cundum
657 841 1182 947 Haverga'mpum
1231 846 1371 910 cusi
1411 845 1719 913 videntur
1749 845 1832 921 ab

322 951 494 1039 ,ipsis
529 948 809 1014 dominis
873 960 942 1011 et
983 946 1342 1012 victoribus
1387 949 1831 1027 Circensibus,

318 1054 445 1145 qui
502 1071 710 1140 equos
785 1069 937 1113 suos
1008 1049 1292 1134 palmam
1366 1051 1641 1136 adeptos
1700 1054 1832 1118 hoc

328 1152 531 1220 modo
606 1149 935 1244 celebrari
1006 1149 1361 1217 voluerunt
1400 1152 1492 1241 b).
1576 1155 1832 1224 'Verum

327 1250 497 1319 baec
544 1251 784 1338 judicia
842 1239 1076 1318 valere
1123 1265 1374 1329 tantum
1426 1266 1704 1338 possunt
1749 1253 1832 1317 ad

232 1392 235 1399 ·
328 1360 605 1433 numos,
664 1353 898 1440 quibus
959 1354 1257 1439 inscripti
1331 1358 1507 1440 equi.
1596 1357 1832 1440 Singu-

314 1458 490 1551 laris
543 1468 644 1520 est
693 1455 917 1539 opinio
972 1456 1474 1553 Cannegieteri‚
1537 1457 1617 1521 ab
1664 1457 1835 1522 auri-

334 1580 566 1644 garum
587 1554 950 1622 fautoribus
982 1559 1148 1623 baec
1178 1580 1304 1645 per
1340 1580 1584 1623 cuneos
1618 1558 1833 1620 distri-

328 1660 490 1726 buta
540 1654 969 1747 numismata,
1038 1676 1111 1724 ut
1181 1682 1305 1746 per
1381 1660 1549 1725 bona
1626 1660 1831 1726 verba

330 1762 434 1825 bis
471 1781 670 1851 saepe
708 1762 1054 1845 inscripta,
1104 1777 1176 1827 et
1217 1763 1571 1845 insculptas
1605 1763 1832 1847 imagi-

330 1884 451 1928 nes
508 1886 742 1930 eorum
791 1865 1127 1948 juvaretur
1175 1863 1467 1931 victoria.
1554 1868 1628 1926 In
1690 1866 1830 1928 vul·

252 2012 257 2015 -
331 1986 454 2052 gns
499 1966 678 2030 enim
723 1966 927 2029 fuisse
985 1964 1350 2043 creditum,
1411 1962 1656 2032 artibus
1699 1986 1830 2042 ma·

332 2068 497 2154 gicis
549 2088 871 2153 equorum
927 2089 1191 2132 cursum
1242 2080 1349 2130 aut
1377 2086 1574 2150 posse
1611 2068 1832 2130 incita-

329 2170 429 2247 ri,
475 2184 586 2233 aut
634 2168 750 2256 figi
791 2170 1270 2252 retardarique.
1356 2169 1457 2230 Ad
1494 2170 1609 2232 has
1664 2187 1829 2251 ergo

331 2273 719 2357 praestigias
758 2274 898 2339 sive
932 2271 1374 2347 exercendas,
1419 2260 1557 2337 sive
1595 2270 1831 2334 distur-

305 2364 573 2436 'bandas
656 2375 959 2441 inventos
1043 2372 1486 2437 contorniatos
1590 2372 1830 2436 faustas

333 2472 839 2563 adclamationes
890 2489 957 2538 et
1004 2476 1221 2538 omina
1267 2464 1713 2551 continentes,
1758 2476 1828 2537 in

332 2558 574 2662 quibus
614 2576 957 2640 maximam
993 2577 1208 2639 inesse
1240 2576 1368 2641 vim
1402 2576 1562 2637 olim
1601 2575 1830 2638 crede·

327 2676 559 2757 batur,
593 2747 596 2750 ,
636 2692 830 2763 atque
890 2677 1121 2742 eadem
1161 2678 1229 2743 vi
1294 2677 1554 2763 pollere
1618 2676 1829 2741 eredi-

210 2819 215 2822 -
328 2793 426 2846 tas
486 2780 806 2866 imagines
861 2778 1225 2848 Alexandri
1291 2783 1423 2861 M„
1496 2772 1830 2868 Olympia·

3289 485 3432 552 3213

1949 643 2087 723 dis,
2155 645 2477 727 Neronis,
2531 645 2839 730 Virgilii,
2898 645 3235 730 Apollonii
3279 655 3443 735 Tys-

1947 746 2213 826 nensis,
2288 747 2640 833 Appuleii,
2733 746 3106 827 Anchisae,
3173 753 3446 825 Aeneae
3561 838 3562 841 Ἴ

1950 863 2080 914 etc.
2130 850 2308 935 quod
2358 849 2722 927 constabat,
2779 849 2916 912 hos
2942 850 3188 912 artibus
3244 854 3447 941 magi-

1948 953 2044 1016 cis
2088 966 2199 1016 aut
2232 951 2435 1016 fuisse
2463 951 2750 1027 deditos,
2802 962 2913 1013 aut
2944 951 3176 1015 saltem
3216 975 3442 1028 earum

1944 1054 2239 1138 peritos3
2320 1068 2461 1117 tum
2534 1073 2698 1123 vero
2776 1049 3052 1116 eandem
3131 1056 3440 1121 virtutem

1944 1167 2294 1239 praestare
2318 1150 2635 1246 dracones
2681 1171 2876 1237 saepe
2911 1154 3013 1216 his
3061 1155 3442 1239 impressos,

1926 1275 2019 1339 ⁶ac
2068 1254 2353 1339 denique
2395 1256 2613 1319 erucis
2651 1256 2907 1353 signum
2953 1257 3021 1318 in
3066 1278 3266 1322 numo
3308 1263 3441 1325 Ha·

1943 1358 2405 1438 vercampiano
2444 1377 2621 1421 num.
2656 1359 2740 1433 54
2790 1357 3124 1441 quadrigis
3155 1361 3441 1444 insculp·
3487 1427 3498 1443 ,

1949 1470 2084 1520 tum
2132 1456 2366 1523 validis
2414 1455 2544 1538 jam
2599 1469 2739 1519 tum
2774 1459 3297 1525 Christianorum
3340 1482 3453 1533 re··

1908 1557 2089 1647 -bus.
2174 1560 2231 1619 Ι
2206 1579 2362 1642 ege
2405 1560 2569 1623 baec
2608 1559 2687 1622 ab
2723 1573 2992 1624 auctore
3047 1561 3312 1631 erudito
3341 1563 3443 1626 fn-

1945 1681 2017 1723 se
2063 1661 2357 1744 exposita
2389 1660 2456 1721 in
2496 1661 2686 1735 Misc.
2719 1661 3044 1729 observat.
3078 1664 3222 1727 crit.
3253 1664 3442 1729 novis

1947 1765 2159 1825 Tomo
2194 1764 2247 1826 1.
2296 1761 2450 1825 anni
2501 1770 2661 1844 ¹740
2702 1762 2855 1828 inde
2907 1788 2943 1829 a
2980 1785 3126 1849 pag.
3163 1765 3265 1840 6.,
3323 1764 3447 1830 sed
3541 1846 3544 1849 Ἴ

1943 1863 2135 1926 facile
2189 1854 2387 1925 etiam
2445 1860 2746 1929 advertet
2807 1868 3062 1944 lector,
3146 1867 3444 1951 opinioni

1944 1963 2095 2027 hnic
2150 1963 2358 2024 nihilo
2421 1965 2569 2047 plus
2632 1966 2853 2033 inesse
2914 1967 3168 2045 meriti,
3247 1988 3442 2052 quam

1946 2078 2261 2149 quantum
2296 2065 2725 2159 conjecturis,
2769 2083 2913 2133 utut
2947 2068 3218 2135 eruditis
3234 2071 3445 2136 navis·

1916 2188 2115 2261 ‘que‚
2178 2168 2377 2230 tribui
2432 2182 2671 2252 potest
2755 2170 3171 2237 Existimavit
3225 2192 3443 2256 nuper

1946 2270 2030 2332 cl.
2067 2270 2543 2349 Pinkertonus‚
2593 2264 2795 2336 fnisse
2837 2289 2951 2333 eos
2993 2273 3196 2335 instar
3238 2286 3442 2339 tesse-

1944 2394 2162 2436 rarum
2196 2375 2481 2451 (tr‘kets),
2529 2392 2695 2455 quae
2727 2386 2875 2437 ante
2916 2373 3222 2437 ludorum
3259 2374 3441 2437 initia

1942 2474 2009 2534 in
2041 2474 2277 2555 vulgus
2298 2472 2889 2562 distribuebantur,
2936 2475 3166 2559 quibus
3197 2476 3441 2559 singuli

1942 2574 2230 2657 acceptis
2275 2574 2376 2657 jus
2427 2574 2720 2649 habuere
2767 2591 3018 2641 certum
3066 2579 3437 2664 quempiam

1943 2697 2018 2741 ae
2064 2675 2428 2784 definitum
2467 2678 2538 2742 in
2589 2678 2918 2748 subselliis
2978 2681 3200 2792 locum
3244 2701 3436 2748 occu·

1940 2777 2139 2866 pandi
2172 2779 2254 2866 ⁰).

1544 3096 2009 3160 CAPVT
2084 3098 2200 3161 71.

1388 3290 1484 3351 De
1524 3281 1753 3353 merito
1796 3285 2369 3355 contaminem-nm
2405 3285 2411 3292 ⁶

457 3488 933 3585 qualecunque
993 3480 1170 3549 istud
1221 3502 1571 3549 numorum
1615 3504 1822 3570 genus

329 3613 485 3658 suos
544 3588 771 3653 habuit
827 3601 1169 3672 patronos,
1228 3605 1507 3670 quorum
1578 3580 1875 3670 judicio

332 3689 688 3777 expetendi
723 3689 1147 3768 viderentur,
1198 3702 1269 3752 et
1313 3687 1396 3751 ad
1430 3688 1635 3755 varias
1679 3709 1826 3754 cau·

334 3817 436 3860 sas
480 3795 821 3880 prodesse.
910 3794 1015 3855 De
1068 3792 1149 3855 iis
1210 3788 1420 3856 multo
1478 3811 1659 3880 prae
1680 3791 1825 3855 aliis

326 3897 775 3983 indulgentius
826 3893 1135 3979 judicavit
1167 3875 1471 3971 ffatinus,
1532 3913 1680 3957 cum
1727 3895 1820 3958 di-

328 4020 492 4085 gnos
532 4014 633 4065 est
676 3998 1059 4073 arbitratus,
1120 4015 1402 4081 quorum
1445 3995 1820 4062 describen-

323 4100 425 4165 dis
462 4102 809 4188 elegantiis
843 4113 911 4163 et
944 4096 1302 4163 enodandis
1350 4097 1821 4184 aenigmatibus

324 4204 566 4278 eruditi
605 4222 799 4289 opem
818 4202 1281 4283 impenderent
1308 4196 1394 4284 d).
1438 4203 1672 4287 Neque
1702 4200 1821 4266 eti·

322 4328 428 4371 sm
470 4306 605 4371 suis
656 4325 772 4368 eos
808 4302 1107 4367 laudibus
1148 4304 1472 4376 fraudavit
1504 4301 1822 4367 Mahude-

322 4408 470 4474 lius.
554 4408 644 4472 At
670 4426 838 4472 vero
877 4406 1158 4478 aliorum
1207 4405 1291 4469 de
1330 4405 1413 4469 iis
1441 4402 1684 4488 iudicia
1725 4405 1819 4466 ine

1884 4415 1889 4420 ’
1932 4419 2076 4471 cata
2099 4451 2118 4485 ,

1938 3449 2453 3561 clementiora,
2480 3484 2792 3552 nimirum
2848 3486 3023 3571 quod
3087 3501 3437 3575 utramque

1938 3585 2120 3648 numi
2179 3599 2435 3670 partem
2480 3602 2770 3666 temere,
2835 3590 3022 3653 nullo
3076 3607 3431 3674 apparente

1938 3687 2183 3751 idoneo
2262 3708 2439 3752 nexu
2507 3690 2898 3775 plerumque
2976 3693 3432 3772 consociatam,

1938 3788 2174 3853 rudem
2230 3788 2585 3877 imaginum
2630 3794 2989 3875 picturam,
3050 3811 3434 3880 argumenta

1933 3889 2078 3955 fere
2136 3905 2385 3956 tantum
2444 3914 2528 3958 ex
2569 3894 2941 3978 aurigarum
3001 3897 3431 3984 pugilumque

1872 4047 1885 4061 .
1933 3994 2259 4080 conlegiis
2317 3995 2522 4079 petita
2584 3993 2943 4077 offerrent,
3017 4003 3204 4064 nullo
3265 4003 3431 4069 adeo

1934 4098 2181 4163 idoneo
2227 4098 2365 4164 sive
2410 4091 2800 4177 eruditioni,
2871 4101 3009 4163 sive
3074 4104 3282 4166 oculis
3323 4126 3435 4190 pa-

1932 4199 2113 4265 bulo.
2204 4197 2648 4266 Offende'rnnt
2736 4201 2929 4280 etiam
3009 4200 3429 4271 delicatiores

1933 4304 2251 4370 indecora
2302 4302 2651 4383 adversum
2699 4303 3231 4389 orthographiam
3280 4327 3435 4389 pec.

2140 4403 2143 4406 ’
2194 4417 2303 4469 ut:
2383 4403 2764 4482 TESEVS‚
2853 4404 3433 4483 PENTESILEA,

1199 4631 1269 4709 b)
1306 4633 1385 4691 Pa
1390 4651 1447 4711 g.
1481 4642 1612 4698 157.

390 4607 460 4710 a)
478 4609 925 4713 Specimspag.
961 4640 1053 4709 49.
1185 4717 1189 4721 ¹

324 4723 402 4784 ad
435 4723 573 4784 hist.
612 4743 772 4782 num.
812 4743 946 4801 pag.
984 4729 1060 4790 43
1097 4732 1157 4785 et
1191 4720 1259 4784 in
1293 4722 1578 4786 Suetonio
1606 4739 1723 4800 ‚suo
1758 4741 1897 4802 pag.
1932 4723 2061 4787 468·
2157 4785 2175 4824 Ι,

516 4812 701 4903 <rou
734 4817 948 4897 Vm.)

1758 4636 1818 4705 e)
1855 4632 2041 4709 Essay
2068 4650 2147 4693 on
2180 4628 2334 4693 med.
2368 4630 2618 4694 Tom..1.
2649 4650 2785 4710 pag.
2819 4640 2947 4695 232.

3099 4630 3171 4707 d>
3201 4632 3363 4693 Intro
3415 4673 3428 4688 .

2885 4812 2945 4875 R
2989 4833 3026 4875 r
