4388 5576
929 435 1861 511 CONSTANTINVS
1934 439 2133 520 XIV.
2242 437 2829 512 PALAEOL.

339 626 489 687 area
548 621 742 685 absit.
828 623 1077 684 Tamen
1153 620 1485 686 volumine
1556 620 1832 683 multum

335 747 481 788 esse
517 725 633 786 illo
667 723 1052 787 inferiorem
1076 769 1092 799 ‚
1139 722 1405 786 docebit
1440 724 1674 788 collata
1706 723 1834 785 Go-

336 830 415 889 rii
469 829 755 911 pictura,
800 841 936 889 tum
991 840 1059 888 et
1102 825 1499 888 restitutoris
1553 826 1829 887 Taninii.

340 931 554 1023 Quem
607 948 793 991 usum
832 927 1162 989 cimelium
1202 927 1373 988 istud
1410 927 1830 1010 praestiterit,

337 1029 616 1093 delinire
663 1049 923 1093 vereor.
1002 1028 1272 1112 sigillo,
1317 1028 1519 1090 instar
1563 1028 1835 1093 Goriani

337 1132 550 1208 illins,
593 1132 848 1195 servire
884 1150 1012 1191 non
1051 1130 1371 1213 potuisse,
1416 1131 1569 1194 inde
1604 1152 1831 1214 argue,

339 1234 486 1317 quia
532 1230 711 1295 :fulla
747 1232 1059 1316 adparent
1095 1229 1347 1312 trajecti
1392 1230 1488 1291 fili
1540 1233 1832 1315 vestigia,

336 1355 552 1417 neque
593 1336 786 1398 etiam
824 1335 1203 1396 laminarum
1247 1334 1520 1396 tenuitas
1555 1335 1667 1397 filo
1705 1337 1834 1398 iter

333 1437 625 1510 fecisset,
732 1435 1109 1503 Verisimile
1198 1434 1464 1498 omnino
1548 1438 1829 1515 videtur,

332 1560 605 1602 numum
639 1539 810 1599 hunc
847 1537 909 1596 in
948 1547 1236 1609 moneta,
1283 1537 1399 1598 sed
1437 1537 1603 1599 haud
1634 1539 1828 1602 dubie

337 1638 889 1713 extraordinaria,
935 1636 1284 1724 putandum
1324 1637 1416 1720 ⁴⁵).

465 1744 675 1802 Tanto
714 1761 874 1803 vero
920 1728 1036 1803 ille
1083 1742 1291 1824 magis
1333 1755 1433 1801 est
1478 1741 1833 1824 suspicien-

336 1844 495 1919 dus,
541 1841 715 1926 quod
763 1844 1075 1905 hactenus
1111 1844 1179 1903 in
1215 1843 1616 1906 Constantini
1655 1843 1828 1909 XIV.

337 1958 597 2008 moneta
644 1944 891 2009 socium
940 1966 1069 2007 non
1114 1946 1400 2033 reperit,
1457 1947 1596 2007 sive
1654 1942 1830 2007 aliud

3287 455 3428 523 213

1950 621 2272 707 quoddam
2322 621 2890 704 ejus'exemplum
2950 634 3239 707 specteS,
3300 624 3438 688 sive

1947 746 2216 786 numum
2268 723 2784 809 qualemcunque
2835 726 3100 786 alterius
3154 726 3438 806 generis,

1949 828 2056 910 qui
2101 826 2250 888 huic
2299 826 2681 908 imperatori
2724 838 2861 888 tuto
2904 827 3107 908 possit
3154 826 3440 889 vindica·

1946 930 2027 992 ri.
2113 929 2274 1009 Ejus
2342 915 2605 1000 numum
2668 928 3143 1013 praegrandem
3210 948 3441 1010 argen-

1949 1042 2127 1091 teum
2173 1029 2328 1091 olim
2380 1030 2583 1091 edidit
2622 1029 3049 1112 Marquardus
3081 1030 3439 1097 Frcherus.

1950 1144 2017 1193 et
2053 1132 2365 1213 singulari
2399 1130 2857 1193 dissertatione
2895 1132 3276 1208 illustravit,
3322 1132 3440 1194 aed

1950 1253 2172 1317 quam,
2244 1233 2391 1318 quia
2445 1234 2501 1295 is
2557 1233 2728 1295 haud
2784 1233 2979 1295 dubie
3041 1233 3284 1297 novicii
3340 1231 3440 1297 est

1949 1337 2204 1415 operis,
2264 1336 2531 1418 copiose
2576 1336 2880 1398 refutavit
2929 1338 3243 1418 Iosephus
3291 1336 3443 1401 Sca-

1946 1438 2121 1520 liger
2167 1438 2236 1498 in
2279 1439 2589 1522 epistola,
2637 1457 2797 1519 quae
2842 1437 3440 1522 inter-*Scaligeria-

1945 1560 2059 1601 nas
2105 1552 2205 1601 est
2254 1539 2635 1618 cxxxm,
2704 1552 2771 1600 et
2825 1558 3016 1622 quam
3062 1539 3439 1623 Ducangius

1946 1639 2011 1699 in
2059 1642 2187 1701 line
2238 1639 2728 1703 Dissertationis
2776 1659 2929 1701 suae
2975 1640 3057 1701 de
3103 1640 3439 1706 inferioris

1946 1740 2089 1802 aevi
2127 1741 2336 1801 numis
2383 1765 2505 1804 una
2550 1762 2697 1804 cum
2742 1742 2923 1805 numi
2962 1743 3212 1828 pictura
3254 1743 3440 1806 resti·

1946 1843 2088 1906 tuit.
2176 1844 2376 1924 Atqui
2425 1857 2491 1906 et
2536 1843 2898 1905 Bandurius
2950 1844 3114 1908 hanc
3152 1844 3438 1909 Freberi

1944 1942 2468 2010 lucubrationem
2502 1951 2702 2028 plane
2744 1950 3024 2029 ineptam
3072 1958 3261 2014 vocat
3293 1949 3373 2029 ⁸).

417 4544 470 4605 ⁰)
528 4534 827 4595 Attentius
865 4530 1116 4591 intuenti
1152 4538 1350 4589 tamen
1387 4539 1612 4590 certum
1651 4525 1915 4606 sigillum
1954 4537 2076 4601 est,
2116 4546 2235 4606 quo
2272 4527 2448 4588 facile
2484 4527 2662 4586 etiarn
2695 4530 3169 4607 panis‘aversae
3204 4530 3434 4594 literam

525 4624 886 4696 solitariam,
925 4622 1208 4682 nimirum
1250 4619 1725 4693 σφςωγῑσματθς
1759 4616 2081 4692 indicium,
2120 4618 2356 4680 reseras.
2433 4618 2566 4678 Not.
2607 4617 2750 4677 edit.

409 4760 479 4837 ,sl
524 4753 682 4814 Bibl.
719 4773 883 4812 num.
920 4773 979 4812 n.
1014 4748 1206 4812 XXX·

533 4850 711 4930 (Vol.
755 4847 966 4926 VIII.)

2863 4844 3040 4905 Mrn
