4388 5576
1156 488 1308 561 DE
1391 472 1765 562 NVMIS'
1830 484 2092 559 INF.·
2136 485 2452 564 AEVI.

251 680 591 754 Laccuris,
654 627 926 761 aliisque
981 672 1315 735 nonnullis
1374 675 1618 757 scripto
1658 673 1737 735 Ο.

256 774 548 842 ΑΓΙΟΟ.
582 775 758 853 ΜΙ.,
805 777 947 838 vel:
997 771 1290 839 AI'IOC.
1332 772 1539 835 APX.
1572 770 1736 849 ML,

255 880 493 942 deinde
536 882 610 941 S.
661 883 973 958 Geor-91⁷0.-
1034 877 1115 941 Ο.
1156 865 1630 936 erPPIOc
1671 874 1736 933 in
1826 933 1829 936 ,

242 982 466 1058 *numia
523 980 744 1042 Alexii
801 981 849 1038 1.
911 977 1262 1053 Comneni,
1340 976 1597 1037 loannis
1656 976 1738 1038 11.

164 1107 172 1114 ·
256 1082 815 1165 Porphyrogeniti
847 1095 973 1144 etc.
1061 1081 1152 1139 Hi
1195 1093 1436 1140 tantum
1484 1078 1742 1137 Ducan-

255 1167 365 1267 g'io
397 1184 588 1246 fuere
621 1183 887 1264 cogniti.
974 1182 1201 1243 Serius
1237 1179 1738 1240 emerserunt‘S.

249 1289 582 1366 Euqem’us
600 1309 623 1346 .·
670 1283 749 1346 Ο.
773 1279 1017 1345 ΑΙἼΟῑ
1036 1279 1337 1347 GVI‘GN
1350 1281 1437 1341 10
1456 1280 1519 1339 in
1543 1295 1741 1338 numo

253 1385 581 1448 Mauuelis
611 1389 661 1447 Ι.
711 1384 1060 1458 Comneni,
1123 1397 1189 1444 et
1227 1386 1300 1445 S.
1344 1383 1740 1443 Demetrium

255 1484 336 1548 Ο.
404 1479 694 1547 APIOC.
750 1481 1339 1554 ΔΗΜΗΤΡΙΟΟ,
1420 1482 1488 1541 in
1527 1467 1739 1542 numia

256 1585 597 1648 Theodori
656 1589 703 1647 1.
751 1585 1087 1662 Lascaris,
1147 1598 1214 1647 et
1259 1582 1633 1674 Andronici
1657 1585 1739 1648 11.

256 1686 658 1770 Palaeologi.

879 1889 939 1965 ς.
985 1888 1099 1953 1v.

3105 559 3108 564 -
3200 517 3344 581 507

1974 672 2204 736 XCVI.
2239 672 2306 734 in
2339 670 2552 735 numia
2581 671 2728 738 Gal.
2775 675 3150 739 Maximiani
3181 695 3342 742 non·

1852 772 2003 835 dum
2038 773 2334 854 Augusti.
3161 773 3170 778 ’

1984 976 2237 1038 Sunthi
2254 977 2437 1038 numi
2470 995 2698 1039 omnes
2719 980 3017 1059 argentei
3038 1026 3055 1057 ,
3101 971 3166 1042 iu
3204 1004 3340 1045 om·

1852 1075 2044 1137 nibus
2089 1079 2454 1160 epigraphe
2502 1078 2669 1139 intra
2719 1079 3041 1154 lauream,
3110 1104 3340 1145 omnes

1854 1177 2270 1239 Diocletiano
2332 1180 2694 1260 imperante
2757 1182 3020 1263 signati,
3082 1205 3226 1244 nam
3273 1186 3342 1243 in

1855 1279 2066 1338 numia
2115 1279 2380 1354 Chlori,
2457 1295 2524 1342 et
2580 1280 2726 1343 Gal.
2782 1285 3153 1347 Maximiani
3215 1283 3341 1364 jam

1855 1382 2294 1461 Augustorum
2327 1380 2434 1441 hic
2455 1379 2680 1442 modu·
2710 1401 2839 1442 nou
2863 1386 3138 1464 amplius
3170 1405 3345 1446 com-

1854 1493 2059 1562 paret.
2148 1482 2279 1541 Has
2328 1482 2551 1543 literae
2598 1482 2897 1545 Iohertus
2935 1464 3344 1548 Harduin'um

1855 1595 2113 1644 secutus
2171 1584 2639 1663 iuterpretatur
2681 1587 3146 1647 Dea-annalibus
3191 1590 3348 1649 Con·

1855 1688 2117 1757 ataulfi,
2170 1688 2335 1745 Vota
2373 1687 2630 1762 imperii
2660 1685 2741 1761 ⁸).
2831 1683 3038 1776 Quam
3087 1698 3348 1748 senten·

1856 1787 2007 1847 tiam
2067 1783 2134 1842 in
2197 1782 2486 1862 subjecta
2544 1799 2694 1844 nota
2737 1783 2882 1865 jure
2929 1786 3192 1869 sugillat
3236 1786 3348 1849 Bi·
3439 1845 3462 1855 ,

1857 1885 2140 1949 mardus.
2229 1887 2495 1946 causam
2544 1886 2717 1945 enim
2777 1886 2900 1946 sibi
2946 1888 3350 1978 darixpostu.

1736 2035 1741 2040 .
1855 1986 1949 2049 lat
1972 2033 1989 2063 ,
2036 2007 2152 2048 cur
2186 1999 2335 2048 vota
2365 1986 2743 2048 decennalia
2767 1990 3124 2051 Constantii
3153 1990 3350 2055 Chlo·

257 2095 355 2157 De
399 2096 923 2174 inscrae'ptz‘onibm
969 2094 1183 2151 dubiis
1228 2094 1298 2153 in
1329 2094 1543 2152 numia
1583 2093 1744 2170 {nfe-

795 2195 991 2254 rz'oris
1034 2194 1204 2255 aevi.

390 2394 855 2478 Inscriptiones
895 2394 959 2455 in
993 2392 1183 2476 hujus
1227 2394 1454 2457 aetatis
1486 2406 1745 2457 moneta

259 2511 369 2561 aut
392 2509 537 2559 sunt
560 2517 641 2558 ex
670 2511 895 2557 vetere
929 2476 1105 2577 lege,
1153 2510 1252 2555 ut:
1301 2495 1745 2560 VICTORIA.

256 2599 463 2663 AVG.
497 2633 584 2645 —
623 2598 887 2665 VOTA.
927 2598 1300 2665 Pvssch
1333 2611 1457 2658 etc.
1496 2611 1603 2658 aut
1634 2617 1749 2659 no·

255 2719 414 2775 vae,
463 2714 529 2761 et
559 2700 886 2780 superiori
915 2722 1076 2763 aevo
1112 2701 1397 2780 ignotae.
1443 2698 1603 2759 Illae
1638 2718 1748 2759 ex-

253 2801 680 2886 plicationem
759 2817 987 2886 suapte
1069 2802 1328 2864 facilem
1409 2800 1747 2882 praebent.

258 2904 439 2977 Hae,
505 2904 626 2964 etsi
670 2924 916 2979 novae,
975 2917 1081 2965 aut
1129 2923 1199 2964 se
1251 2904 1429 2984 ipsae
1486 2921 1748 2986 quoque

260 3003 627 3086 explicant,
668 3019 773 3069 ut:
822 3006 1266 3069 GAVDETE.
1302 3003 1750 3066 ROMANI—

258 3105 757 3165 FELICITER.
795 3106 1141 3171 NVBTIIS
1179 3126 1263 3150 ·-‘-
1306 3105 1563 3167 DEVS.
1603 3106 1750 3185 AD·

258 3205 492 3269 lV‘l'A.
511 3204 910 3266 ROMANIS
934 3218 1059 3266 etc.
1079 3217 1183 3265 aut
1212 3202 1750 3284 significationem

260 3303 637 3379 continent,
683 3327 719 3365 a
763 3325 884 3387 qua
919 3303 1159 3365 eruditi
1201 3324 1315 3365 seu
1346 3317 1618 3385 propter
1654 3323 1755 3363 re·

260 3404 571 3487 periundi
629 3404 1075 3468 difficultatem
1129 3404 1572 3466 abstinendam
1625 3422 1756 3464 ma-

258 3528 419 3567 num
473 3504 722 3569 duxere
745 3552 762 3582 ,
843 3527 957 3568 seu
979 3551 995 3579 ,
1060 3504 1173 3567 ubi
1224 3505 1553 3587 explicare
1618 3506 1756 3567 ausi

264 3621 453 3682 sunt,
500 3628 728 3688 parum
766 3607 937 3669 istud
980 3606 1105 3668 sibi
1149 3605 1439 3669 feliciter
1478 3607 1752 3670 cessisse

262 3710 634 3775 communis
664 3707 796 3769 fert
833 3710 1081 3792 opinio-

398 3813 471 3873 Iu
501 3811 727 3872 harum
758 3791 1023 3871 censum
1054 3810 1321 3874 veniunt
1351 3810 1631 3892 primum
1656 3831 1757 3874 se-

255 3926 580 4004 quantes:

396 4016 625 4081 XCVI.
647 4013 752 4077 vel
774 4016 1002 4097 VCVI.
1022 4015 1086 4075 iu
1113 4014 1757 4079 numisDiocletiani.

396 4116 625 4181 XCVI.
659 4118 722 4177 iu
746 4118 957 4178 numis
979 4117 1352 4179 Maximiani
1373 4118 1712 4182 Herculei.
1748 4110 1752 4115 ’

395 4215 622 4283 xcvl.
660 4218 766 4280 vel
789 4219 1040 4285 VCVC.
1071 4220 1138 4281 in
1166 4222 1379 4283 numia
1398 4219 1756 4285 Constantii

260 4310 507 4382 Chlori
533 4316 819 4381 nondum
848 4322 1145 4402 Augusti.

216 4636 235 4641 ⁴
341 4631 410 4702 a)
449 4626 693 4687 Science
731 4606 1029 4688 deslfied.
1066 4628 1234 4690 Tom.
1270 4630 1344 4691 11.
1381 4652 1517 4711 pag.
1559 4578 1686 4698 nris.

1856 2088 1916 2147 ri
1977 2086 2280 2169 legantur
2345 2087 2410 2148 in
2484 2089 2695 2149 numia
2757 2088 3190 2169 Diocletiani,
3280 2106 3352 2155 et

1856 2189 2266 2261 Maximiani,
2326 2208 2541 2270 neque
2601 2209 2881 2271 unquam
2939 2192 3172 2258 horum
3233 2194 3353 2257 de}

1859 2290 2188 2365 cennalia,
2235 2289 2342 2353 vel
2389 2288 2745 2352 vicennalia
2783 2292 2849 2349 in
2895 2294 3108 2355 numia
3154 2296 3353 2358 Chlo·

1857 2391 1962 2452 ri?
2050 2390 2153 2450 Ad
2196 2388 2396 2467 haec,
2455 2411 2573 2453 cur
2621 2413 2944 2474 nunquam
2991 2393 3057 2468 in
3096 2395 3195 2457 his
3234 2417 3351 2458 nu·

1860 2495 1984 2555 mis
2029 2492 2441 2573 reperiantur
2500 2491 2877 2554 decennalia
2937 2495 3352 2570 Diocletiani,

1804 2632 1811 2638 -
1862 2594 1971 2658 vel
2001 2591 2374 2655 Maximiani
2423 2591 2696 2654 indicata
2739 2593 2932 2654 simili
2986 2596 3181 2658 modo
3221 2599 3352 2659 sic:

1861 2696 2135 2770 XDVI.,
2179 2696 2288 2757 vel
2315 2692 2616 2758 XMV1.?
2690 2691 2934 2785 Quaeri
2978 2698 3166 2758 etiam
3205 2718 3363 2781 poe-

1864 2811 2000 2873 aet,
2057 2816 2250 2879 quem
2298 2793 2537 2856 deinde
2595 2817 2851 2857 sensum
2901 2799 3199 2861 lobertna
3241 2801 3357 2861 tri·

1860 2899 1974 2961 bui
2019 2898 2180 2962 velit
2232 2896 2442 2959 literis
2482 2898 2710 2963 chl.
2758 2898 2860 2961 vel
2893 2902 3171 2978 VCVC.',
3236 2902 3356 2964 sed

1864 3020 2140 3074 vereor,
2188 3010 2257 3060 ut
2296 2999 2458 3062 haec
2507 2997 2706 3061 lectio
2743 2999 2825 3059 sit
2869 3000 3159 3075 sincera3
3201 3024 3349 3065 nam

1866 3103 1991 3173 ersi
2035 3121 2176 3160 eam
2242 3105 2333 3161 sic
2378 3100 2752 3181 promulget
2796 3102 3212 3179 Bandurius,
3265 3118 3357 3169 ta-

1866 3221 2018 3263 men
2065 3200 2130 3258 in
2185 3199 2395 3260 numia
2436 3198 2790 3273 similibus,
2817 3219 3110 3282 'quorum
3149 3204 3356 3285 justus

1868 3320 2180 3363 numerus
2247 3312 2346 3359 eat
2410 3298 2474 3356 in
2535 3319 2764 3359 museo
2822 3304 3180 3380 Caesareo,
3226 3325 3358 3367 non

1869 3401 2044 3464 aliud
2087 3399 2365 3481 legitur,
2412 3420 2600 3481 quam
2644 3400 2871 3469 xcvl.
2932 3403 3210 3485 Conjicit
3249 3404 3360 3468 Bi-

1867 3503 2167 3579 mardue‚
2239 3500 2374 3586 legi
2418 3504 2593 3565 forte
2648 3522 2842 3583 posse
2891 3507 3358 3571 Decennalt'bne
3465 3494 3478 3501 .

1872 3613 2216 3671 Caesarum
2257 3617 2409 3667 vota
2445 3607 2728 3684 imperil,
2784 3617 2848 3666 at
2883 3623 3203 3687 quaerere
3239 3607 3358 3669 ite·

1866 3730 2015 3771 rum
2045 3704 2315 3784 licebit,
2357 3725 2476 3766 cur
2497 3718 2739 3768 tantum
2762 3704 3140 3769 decennalia
3163 3707 3360 3770 Chlo·
3423 3732 3424 3735 ¹

1868 3809 1931 3871 ri
1990 3822 2058 3870 et
2102 3807 2245 3871 Gal.
2308 3805 2679 3891 Maximiani
2743 3808 3089 3870 Caesarum
3145 3810 3212 3872 in
3254 3808 3359 3871 hi·

1869 3911 2081 3972 numia
2126 3906 2418 3985 indicare
2463 3907 2816 3992 placuerit,
2879 3921 2947 3969 et
2984 3929 3116 3970 nou
3161 3914 3354 3972 etiam

1870 4025 2023 4075 vota
2064 3991 2464 4074 Diocletiani
2516 4024 2581 4072 et
2616 4010 2989 4072 Maximiani
3034 4010 3357 4074 Herculei

1867 4116 2314 4196 Augustorum
2331 4112 2363 4173 ‘3
2405 4109 2766 4175 Fatendum
2786 4111 3002 4192 igitur,
3024 4110 3104 4170 de
3125 4112 3353 4173 harum

1867 4214 2342 4299 significatione
2363 4213 2701 4277 literarum
2729 4212 2897 4275 nihil
2922 4210 3132 4275 adhuc
3166 4212 3358 4278 nobi·

1868 4318 2036 4384 certi
2067 4331 2391 4384 constare.

2677 4720 2958 4789 ,Bes-2.
