4388 5576
995 478 1099 555 42
1472 450 1507 481 s
1983 464 2260 540 DoM.
2345 461 3165 549 DOMITIANVS.·

989 646 1153 713 tiani
1200 642 1499 722 differat,
1545 640 1725 730 quod
1772 646 2061 714 sensisse
2106 651 2307 715 etiam
2348 650 2505 717 Pel·

989 748 1305 816 lerinium
1342 748 1541 812 video
1574 749 1632 830 ⁸)
1652 790 1669 823 ,
1716 746 1825 813 hic
1851 749 1920 812 in
1948 750 2298 827 ⁴Aureliani
2328 765 2504 818 aeta-

989 864 1132 933 tem
1168 873 1318 916 cum
1355 853 1663 916 Tristano
1698 869 2107 935 promoveat.
2359 847 2364 853 ’

1121 954 1436 1022 Omnium
1472 954 1710 1018 horum
1744 954 2019 1037 judicia,
2065 957 2197 1021 nisi
2235 956 2502 1043 magno·

991 1077 1159 1144 pere
1229 1056 1464 1134 fallor,
1535 1055 1882 1122 manifeste
1952 1074 2250 1143 peccant.
2340 1062 2502 1127 Cer·

993 1175 1134 1224 tum
1173 1172 1273 1223 est
1318 1172 1549 1224 contra
1593 1158 2005 1240 Tristanum,
2051 1176 2122 1227 et
2159 1183 2498 1249 sequaces,

993 1266 1232 1327 numos
1276 1256 1568 1328 ‘Latinos
1633 1264 1716 1327 ad
1772 1284 2007 1331 aevum
2074 1266 2512 1345 Diocletiani,

887 1386 895 1397 ·
996 1379 1108 1431 aut
1158 1385 1429 1443 eorum,
1493 1368 1607 1453 qni
1658 1369 1961 1452 proxime
2013 1383 2500 1448 successerunt,

995 1468 1372 1553 pertinere,
1404 1543 1421 1549 -
1457 1470 1745 1555 primum
1814 1471 2007 1557 quia·
2040 1485 2174 1538 tota
2248 1460 2499 1552 aversa,

997 1591 1119 1636 seu
1162 1570 1658 1656 inscriptionem
1716 1587 2011 1657 spectes,
2074 1595 2196 1639 seu
2251 1580 2499 1660 typum,

995 1673 1160 1738 item
1200 1673 1482 1753 fabrica,
1527 1689 1598 1739 et
1640 1679 1988 1753 volumen,
2032 1678 2230 1762 plane
2279 1698 2365 1743 ex
2405 1678 2502 1739 in-

983 1776 1198 1867 genio
1255 1778 1399 1861 ejus
1459 1776 1723 1861 imperii
1786 1792 1971 1857 sunt,
2047 1799 2217 1863 quae
2283 1780 2504 1845 omnia

991 1880 1125 1964 jam
1165 1879 1422 1964 pridem
1456 1879 1633 1946 ‘vidit
1675 1880 1973 1945 eruditus
1998 1880 2381 1947 ‘Gallandus
2411 1881 2500 1968 ¹³),

997 1993 1067 2046 et
1105 1983 1237 2046 hoc
1288 1980 1502 2063 facem
1553 1982 1980 2067 praeferente
2036 1985 2252 2049 serius
2303 1986 2502 2050 etiam

993 2081 1368 2155 Bandurius
1400 2087 1502 2164 0);
1587 2083 1831 2149 deinde
1921 2085 2073 2170 quia
2159 2088 2505 2153 Aureliani

993 2200 1208 2252 aetate
1275 2182 1569 2250 nondum
1628 2185 2072 2252 Alexandriae
2137 2190 2321 2252 numi
2380 2190 2506 2256 La·

994 2288 1133 2353 tine
1190 2286 1493 2370 inscripti
1556 2285 1793 2370 signati
1851 2303 2034 2369 sunt,
2094 2274 2224 2376 qua
2287 2306 2506 2358 tamen

996 2410 1082 2453 ex
1142 2387 1309 2452 urbe
1374 2389 1499 2451 hos
1562 2389 1922 2456 Domitiani
1993 2375 2230 2458 nostri*
2271 2416 2505 2460 numos

998 2490 1357 2555 emersisse
1394 2489 1781 2577 inscriptum
1814 2492 1925 2553 his
1951 2491 2156 2556 ΔΒΕ.
2202 2492 2504 2574 dubitare

995 2614 1131 2659 non
1177 2592 1351 2657 sinit.
1412 2594 1517 2657 Ex
1561 2613 1693 2678 quo
1735 2592 1881 2678 ipso
1918 2598 2348 2679 consequitur
2387 2595 2512 2662 eti-

996 2717 1133 2775 am,
1203 2696 1506 2785 quoniam
1558 2696 1779 2761 Latini
1834 2697 1904 2760 hi
1970 2698 2154 2761 numi
2203 2699 2508 2783 percussi

997 2800 1192 2867 fuere
1239 2798 1581 2902 tempore,
1642 2819 1773 2887 quo
1823 2800 2067 2869 Graeci
2106 2802 2303 2868 feriri
2349 2804 2510 2868 Ale·

2615 647 2931 723 xandriae
2964 644 3272 717 desivere
3292 691 3311 724 ,
3355 658 3671 733 utrosque
3697 596 3831 717 ¹lios
3859 672 4106 731 numos.

2617 765 2752 816 tam
2797 752 3128 828 Graecos,
3185 771 3381 835 qnam
3421 749 3722 831 Latinos,
3779 749 3862 819 ad
3913 777 4103 821 unum

2617 853 3039 940 eundemque
3095 850 3544 917 Domitianum
3597 854 3930 939 pertinere
3979 876 4105 920 noa
4203 892 4282 945 ..μ
4327 910 4328 927 ,

2617 976 2848 1040 posse,
2890 946 3058 1041 quae
3090 955 3246 1033 fuit,
3278 967 3352 1018 ut
3383 975 3581 1042 supra
3616 956 3922 1035 vidimus,
3955 979 4108 1023 non·

2615 1046 2956 1155 nullorum
3020 1055 3279 1143 opinio,
3349 1071 3421 1120 et
3486 1048 3789 1144 tempore
3855 1062 4105 1149 praeire
4159 1146 4162 1155 Ι

2616 1160 2946 1241 Graecos,
3008 1159 3199 1245 sequi
3245 1159 3537 1224 Latinos.
3602 1161 3791 1245 Ergo
3834 1163 3957 1227 etsi
4000 1163 4109 1231 de·

2617 1286 2796 1342 mus,
2828 1262 3122 1342 Graecos
3154 1260 3357 1325 tribui
3388 1283 3588 1347 posse
3619 1263 3993 1329 Domitiano
4019 1264 4107 1332 vi·

2615 1368 2790 1433 ctori
2816 1365 3303 1434 Macrianorum
3322 1409 3341 1442 ‚
3375 1379 3486 1429 aut
3514 1366 3631 1451 qui
3658 1380 3830 1432 teste
3852 1366 4103 1431 Zosimo
4165 1420 4172 1425 .

2616 1469 2740 1535 sub
2782 1467 3142 1533 Aureliano
3180 1487 3292 1534 res
3341 1488 3544 1535 novas
3585 1469 3852 1535 molitus
3883 1468 4102 1546 fertur,

2614 1571 2834 1636 Latini
2860 1585 3046 1637 certe
3075 1570 3413 1636 tribuendi
3443 1586 3593 1636 sunt
3614 1572 3811 1638 alteri
3839 1571 4107 1656 cuipiam

2593 1671 2918 1761 ,ejusdem
2965 1672 3286 1762 nominis,
3332 1672 3445 1760 qui
3499 1688 3790 1740 exeunte
3838 1672 4108 1758 imperio

2614 1776 3018 1842 Diocletiani
3049 1790 3116 1842 et
3150 1776 3562 1856 Maximiani,
3607 1790 3722 1841 aut
3751 1796 3881 1840 non
3914 1778 4108 1840 multo

2615 1894 2789 1966 post,
2821 1880 3036 1965 posita
3052 1879 3132 1945 ab
3149 1879 3253 1943 his
3270 1901 3587 1965 purpura,
3622 1898 3752 1964 per
3776 1877 3952 1943 bella
3977 1890 4109 1941 tum

2618 1982 2841 2050 civilia
2875 1961 3288 2067 t'yrannidem
3321 1981 3390 2044 in
3426 1982 3712 2048 Oriente
3750 1980 4115 2065 arripuerit,

2619 2084 2803 2171 quod
2850 2088 3186 2150 reticuere
3238 2083 3574 2163 historici,
3640 2084 3765 2150 sed
3810 2084 3986 2148 numi
4025 2083 4112 2147 fa·

2619 2189 2754 2254 teri
2786 2202 3053 2275 cogunt.
3116 2185 3399 2271 Conjicit
3427 2186 3867 2266 Pellerinius,
3907 2198 4113 2274 poste·

2619 2292 2876 2358 riorem
2927 2292 3102 2354 hunc
3148 2280 3598 2354 Domitianum
3645 2292 3880 2356 saltem
3913 2291 3977 2353 in
4012 2309 4112 2354 an·

2620 2410 2779 2459 num
2804 2395 2916 2456 111.
2947 2412 3345 2476 prorogasse
3375 2391 3732 2476 imperinm
3753 2439 3771 2472 ,
3809 2405 3874 2457 at
3904 2388 4108 2456 unde?

2623 2515 2711 2558 ex
2754 2495 3006 2578 scripto
3051 2494 3120 2555 in
3167 2492 3408 2557 horum
3454 2516 3810 2560 numorum
3856 2515 4003 2561 area
4033 2486 4107 2552 Γ.

2624 2597 2881 2665 Verum
2944 2614 3066 2659 nos
3120 2594 3189 2658 in
3244 2594 3555 2662 solitariis
3618 2596 3728 2662 his
3793 2590 4109 2683 alphabeti

2601 2697 2836 2764 -literis
2905 2698 3456 2779 monetariorum,
3537 2713 3649 2766 aut
3716 2699 4109 2777 officinarum

2622 2815 2812 2869 notas
2854 2799 3175 2884 videmus.

2298 3123 2813 3186 PRRTIVM.

1604 3315 1823 3402 nmini
1866 3315 2057 3382 aenei
2094 3319 2178 3382 11.
2210 3300 2466 3384 sorim
2513 3316 2659 3400 (2111
2698 3321 2811 3387 vix
2853 3317 3211 3402 habentur)
3299 3362 3324 3385 .
3410 3361 3426 3380 .

1605 3420 2038 3486 Alexandrini
2117 3466 2134 3485 .
2224 3468 2252 3524 .-
2334 3465 2351 3485 .
2438 3465 2458 3486 .
2550 3465 2569 3487 .

2658 3464 3212 3487 ......
3295 3454 3321 3482 -.
3409 3462 3427 3484 .
3515 3360 3784 3480 maim

2248 3731 2873 3803 CABAVSIVS.

1129 3933 1332 3997 Natus
1380 3930 1450 3996 in
1501 3932 1855 4020 Menapiis,
1917 3932 2165 4018 populo
2212 3932 2505 3998 Scaldim

999 4037 1180 4100 inter
1238 4037 1626 4120 Musamque
1697 4036 1951 4121 posito,
2026 4036 2131 4100 rei
2205 4038 2502 4120 nauticae

1003 4136 1246 4203 eximie
1298 4137 1583 4222 peritus,
1646 4137 1716 4202 in
1765 4137 2158 4205 coercendis
2204 4138 2503 4219 Francis,

1002 4242 1119 4329 qui
1146 4321 1155 4328 .
1183 4243 1398 4325 ipsum
1458 4241 1654 4307 etiam
1692 4263 1903 4307 -mare
1966 4241 2345 4328 praedando
2410 4241 2508 4305 in-

998 4344 1363 4420 festabant,
1445 4365 1716 4433 operam
1780 4346 2193 4440 aliquamdiu
2273 4347 2506 4412 utilem

996 4451 1234 4535 posuit.
1322 4450 1410 4513 At
1452 4469 1600 4515 cum
1644 4449 1929 4535 praedae
1990 4448 2328 4516 desiderio
2369 4470 2504 4516 non

2622 3936 2870 4020 optima
2905 3954 3052 3999 rem
3100 3934 3231 4002 fide
3266 3955 3469 4023 agere
3516 3932 3890 4007 videretur,
3931 3924 4107 3992 intel·

2620 4038 2835 4116 lecto,
2880 4037 3133 4103 insidiis
3167 4059 3317 4105 sese
3355 4061 3392 4104 a
3433 4033 3832 4100 Maximiano
3867 4033 4107 4096 Hercu-

2620 4139 2717 4205 lio
2757 4142 2932 4228 peti,
2996 4141 3348 4228 imperium
3383 4141 3464 4216 ,in
3506 4137 3847 4202 Britannia
3875 4125 4112 4232 invasit

2621 4265 2794 4310 anno
2845 4245 3114 4311 circiter
3170 4245 3250 4316 V.
3289 4245 3364 4309 C.
3407 4251 3569 4321 1040
3617 4242 3694 4305 P.
3730 4240 3816 4307 X.
3849 4237 4003 4320 2872
4043 4244 4106 4296 0⁸

2622 4359 2872 4410 tantum
2915 4347 3107 4414 brevi
3148 4347 3357 4433 copiis
3400 4344 3742 4412 maritimis
3791 4340 4010 4416 valuit,
4041 4347 4110 4398 ¹²⁸

2623 4450 3088 4530 Maximianus,
3162 4451 3275 4536 qui
3358 4469 3631 4535 magnos
3714 4445 3786 4511 in
3869 4441 4112 4508 bellum

1076 4766 1138 4839 a)
1176 4763 1218 4823 l.
1262 4785 1310 4824 c.

1432 4807 1437 4814 .
1515 4763 1586 4839 b>
1624 4763 1689 4821 a.
1730 4762 1793 4822 L.
1834 4763 1999 4822 rom.
2036 4761 2083 4823 1.
2123 4761 2261 4825 hist.
2301 4783 2362 4845 p.
2404 4745 2570 4830 πόρ’(

2671 4763 2682 4769 ’
2735 4769 2795 4841 c)
2833 4765 3010 4831 Tom.
3044 4762 3091 4828 1.
3130 4763 3196 4823 in
3230 4761 3480 4841 praefat.
3520 4773 3590 4834 et,
3617 4760 3680 4822 in
3715 4752 4041 4828 Addendis.
