4388 5576
972 373 1124 455 DE
1195 377 1952 456 T-RIBVN1T1A=
2000 379 2734 493 PoTESTATE.

272 611 281 614 -
313 568 609 636 nuarium
650 566 841 651 hujus
893 565 1041 631 anni
1079 583 1397 628 revocare
1434 563 1596 634 Veri
1635 585 1807 628 mor·

316 689 483 750 tem,
531 670 647 737 sed
696 684 762 733 et
800 684 933 732 tum
984 689 1239 732 mecum
1290 665 1627 736 confiteri,
1676 666 1809 731 Ve-

315 781 372 841 ri
420 775 567 839 trib.
616 786 1008 891 potestatem
1052 769 1163 833 IX.
1223 793 1257 833 a
1312 766 1628 832 Kalendis
1674 771 1809 830 lan.

314 878 454 961 ejus
507 878 655 940 anni
693 874 1076 938 ducendam.
1165 871 1295 935 Sed
1352 885 1417 934 et
1460 870 1655 933 alium
1701 870 1809 933 ba·

318 983 476 1044 bent
504 978 782 1054 nodum,
830 998 1022 1062 quern
1063 976 1452 1062 expediant,
1500 975 1609 1057 qui
1650 974 1814 1044 Veri

323 1097 601 1145 mortem
648 1083 723 1146 in
774 1081 973 1148 finem
1035 1075 1427 1150 Decembris
1474 1075 1810 1142 differunt.

317 1189 619 1249 Mortuus
677 1197 778 1246 est
819 1185 1039 1250 Verus
1092 1185 1158 1242 in
1203 1184 1296 1244 Μ.
1344 1178 1600 1240 Aurelii
1644 1177 1811 1265 trib.

310 1301 643 1374 ⁴potestate
688 1284 964 1361 xx111.,
1029 1298 1096 1346 et
1156 1304 1233 1346 ea
1276 1281 1503 1358 „adhuc
1551 1279 1812 1343 labente

318 1405 651 1476 peractam
725 1384 863 1469 ejus
928 1384 1529 1458 consecrationem,

254 1565 271 1574 ,
318 1513 553 1556 numus
585 1510 730 1553 cum
773 1488 1132 1573 epigraphe
1168 1485 1460 1556 DIVVS.
1496 1486 1813 1560 VERVS,

318 1595 386 1655 in
434 1594 618 1674 cujus
682 1614 907 1654 aversa
965 1606 1066 1653 cst
1127 1602 1318 1672 caput
1363 1585 1618 1651 Aurelii
1667 1579 1823 1646 cum

318 1681 652 1760 mentione
705 1694 861 1759 dicti
907 1693 1265 1772 tribunatus
1298 1691 1573 1765 xxm,
1621 1709 1814 1772 quem

323 1813 701 1882 correctum
764 1796 1030 1859 exhibui
1105 1795 1169 1854 in
1228 1793 1440 1854 numis
1502 1793 1582 1854 D.
1631 1791 1813 1862 Veri.

326 1902 428 1966 Ad
465 1903 627 1964 haec
667 1921 747 1962 eo
781 1898 993 1960 adhuc
1023 1896 1281 1958 labente
1320 1893 1659 1958 Aurelium
1708 1891 1819 1955 de·

325 2004 501 2067 disse
537 2002 939 2083 congiarium
962 2041 979 2072 ‚
1027 2013 1095 2060 et
1128 2018 1279 2060 mox
1301 1998 1540 2059 iterum
1571 1997 1633 2056 in
1654 1993 1818 2057 Ger-

324 2107 601 2168 maniam
650 2102 1019 2186 profectum
1074 2101 1314 2162 docent
1350 2095 1638 2182 insignes
1674 2096 1813 2181 ejus

321 2208 513 2271 numi
567 2230 599 2267 a
662 2226 769 2268 me
834 2207 900 2266 in
964 2202 1101 2283 ejus
1147 2215 1408 2264 moneta
1454 2199 1533 2263 ad
1576 2220 1811 2261 annum

322 2313 405 2380 V.
453 2313 525 2373 C.
570 2329 690 2391 922
739 2307 1085 2390 descripti,
1146 2306 1209 2365 in
1257 2304 1490 2387 quibus
1538 2299 1817 2363 habetur

324 2412 553 2476 eadem
591 2411 737 2471 trib.
769 2422 1057 2491 potestas
1098 2409 1331 2470 xxm.
1356 2452 1370 2481 ‚
1414 2421 1485 2480 ⁸et
1535 2405 1599 2465 in
1635 2423 1815 2466 aver·

272 2533 279 2538 ·
322 2539 389 2577 sa
430 2513 965 2577 PROFECTJO.
1000 2499 1241 2587 ΑΠ’»,
1305 2521 1373 2570 ει
1404 2507 1811 2586 LfflERAt..

236 2606 240 2610 ¹
318 2616 519 2700 AVG.
584 2618 662 2683 V.
751 2615 883 2675 Iam
952 2599 1157 2693 igitur
1214 2613 1270 2674 si
1337 2624 1623 2674 exeunte
1685 2611 1818 2671 De·

321 2716 574 2782 cembri
610 2730 904 2777 mortuus
951 2729 1048 2775 est
1082 2705 1338 2792 Verus,
1383 2733 1654 2776 necesse
1691 2726 1845 2801 est„

323 2820 626 2907 quoniam
688 2818 944 2882 Aurelii
1009 2817 1367 2878 tribunatus
1421 2817 1655 2877 XXIII.
1706 2814 1812 2875 die

210 2926 223 2941 ‘
327 2922 405 2981 25
427 2920 771 2982 Februarii
807 2919 1041 2991 exivit,
1086 2917 1434 2980 funebrem
1471 2917 1610 2997 ejus
1634 2938 1816 2999 pom-

324 3045 468 3107 pam
503 3022 580 3085 ab
610 3021 835 3085 Altino
851 3023 1309 3097 ·‚Vcnetorum
1358 3012 1469 3081 ubi
1512 3018 1819 3092 decessit,

322 3126 598 3185 Romam
644 3140 889 3203 usque,
940 3110 1449 3202 consecrationis
1500 3120 1816 3194 solennia,

228 3226 233 3235 ’
327 3223 647 3307 congiarii
697 3210 1261 3305 procurationem,
1325 3234 1699 3311 apparatum
1738 3217 1821 3281 ad

325 3345 566 3389 novum
625 3318 907 3396 bellum,
964 3335 1155 3403 atque
1218 3323 1422 3405 ipsam
1456 3318 1848 3406 ¹profectio-⁴

232 3457 238 3462 ·
328 3448 481 3503 ¹nem
544 3424 830 3508 angustis
878 3422 1154 3486 duorum
1213 3424 1533 3485 mensium
1596 3422 1821 3507 spatiis

330 3526 904 3593 circumscribere.
994 3529 1073 3587 At
1094 3526 1163 3611 si‘
1184 3541 1476 3589 mortuus
1509 3540 1824 3588 statuatur

332 3633 550 3699 Verus
589 3631 761 3692 circa
821 3623 1104 3690 medium
1140 3628 1503 3690 Ianuarium
1559 3629 1708 3698 anni
1741 3628 1820 3695 V.

330 3736 406 3800 C.
450 3750 611 3816 922,
685 3728 840 3794 inde
903 3750 1106 3814 usque
1166 3728 1250 3793 ad
1308 3733 1637 3812 proximas
1692 3732 1825 3793 Ka·

328 3818 557 3898 lendas
590 3837 750 3903 lan.
799 3846 898 3894 tot
947 3826 1144 3894 rebus
1191 3832 1620 3916 expediendis
1662 3846 1824 3896 tem·

328 3959 450 4022 pus
495 3958 626 3999 non
663 3934 904 3998 deficit.
992 3935 1241 3999 Verum
1272 3922 1503 3998 'omnis
1536 3936 1698 3998 haec
1739 3935 1822 3998 lis

329 4042 459 4101 erit
491 4037 740 4115 d'ecisa,
787 4036 843 4098 si
869 4036 1240 4119 reperiatur
1274 4058 1509 4101 numus
1545 4038 1825 4102 Alexan·

286 4180 291 4185 -
337 4134 561 4203 drinu‘s
625 4142 703 4201 L.
747 4137 913 4208 Veri
974 4136 1327 4221 inscriptus
1383 4138 1463 4201 L.
1522 4144 1570 4202 1.
1657 4143 1822 4206 Nam

334 4261 536 4302 annus
578 4238 737 4306 Veri
781 4241 861 4303 X.
909 4242 975 4304 in
1036 4239 1636 4306 Alexandrinorum
1696 4248 1826 4308 cal·

337 4332 489 4406 culo
519 4344 842 4425 coepisset
873 4343 980 4407 die
1019 4361 1102 4427 sq
1134 4343 1413 4427 Augusti
1443 4349 1524 4417 V.
1562 4348 1635 4411 C.
1671 4365 1821 4429 922,

1618 1381 1814 1446 docet
1880 1401 1883 1406 ·

3257 353 3411 474 ἰιι-ι

1922 588 2059 655 quo
2076 567 2292 652 posito
2321 586 2597 630 necesse
2636 563 2899 627 omnino
2937 561 3155 642 foret,
3201 566 3432 636 L.Ve·-

1921 691 2069 731 rum
2141 669 2207 730 in
2272 668 2654 731 Decembri
2707 680 3037 731 mortuum
3116 681 3429 734 statuere.

1922 773 2138 840 Vnum
2161 793 2315 834 sane
2340 772 2432 835 sic
2459 770 2842 857 inscriptum
2867 769 3067 835 offert
3089 774 3427 856 catalogus

1924 874 2294 958 Theupoli,
2359 873 2474 936 sed
2515 873 2597 936 de
2651 875 2835 959 cujus
2875 873 3003 942 {ide
3043 874 3312 950 dubito,
3358 887 3432 938 ut

1929 976 2064 1041 dixi
2095 980 2162 1040 in
2192 978 2270 1040 L.
2306 979 2465 1044 Veri
2507 991 2767 1039 moneta
2786 976 3227 1040 Alexandrina
3251 1022 3267 1053 ‚
3312 997 3427 1041 ne-

1930 1075 2061 1168 que*
2089 1082 2280 1142 etiam
2304 1077 2773 1142 solertissimus
2795 1081 3034 1171 Zoega,
3070 1079 3181 1195 qui
3211 1078 3428 1142 omnia

1928 1196 2229 1244 monetae
2289 1181 2771 1254 Alexandrinae
2831 1183 3074 1245 scrinia
3142 1177 3428 1270 impigt'e

1929 1283 2255 1362 excussit,
2314 1286 2753 1370 posteriorem
2805 1285 3091 1370 aliquem
3147 1304 3316 1354 auno
3371 1277 3432 1344 Θ

1928 1386 2200 1452 invenit.

2380 1594 2815 1660 COMMOD
2840 1593 2982 1655 Vs.

2059 1795 2357 1859 Nullius’
2339 1816 2551 1879 impet
2555 1795 2755 1860 atoris
2789 1792 2938 1855 trib.
2959 1804 3244 1878 potestas
3266 1790 3433 1855 adeo

1932 1898 2286 1982 implexam
2318 1900 2676 1974 rationem,
2720 1910 2979 1980 tamque
3009 1895 3074 1954 in
3109 1913 3182 1956 se
3210 1914 3436 1956 recur

1929 2015 2155 2064 rentes
2191 2001 2399 2063 nodos
2428 1999 2666 2073 offen-,t
2712 2020 2902 2082 quam
2949 1996 3433 2073 Commodiana,

1932 2125 2095 2190 quos
2139 2103 2465 2167 extricare
2510 2103 2724 2165 conati
2757 2102 3023 2186 quidem
3066 2112 3215 2160 sunt
3241 2116 3433 2182 prae-

1931 2206 2304 2269 stantissimi
2335 2204 2701 2290 philologi,
2746 2219 2809 2265 at
2825 2204 3016 2265 irrito
3051 2193 3207 2263 sane
3241 2222 3436 2264 cona·

1932 2320 2020 2368 tu.
2109 2309 2405 2391 Cumque
2443 2323 2593 2394 post
2626 2308 2860 2388 horum
2900 2303 3253 2369 tentamina
3287 2304 3432 2385 ipse

1932 2430 2194 2494 quoque
2249 2410 2331 2471 de
2379 2410 2555 2473 exitu
2613 2408 3002 2493 desperem,
3065 2404 3239 2468 aliud
3272 2403 3434 2465 mihi

1931 2510 1995 2572 in
2034 2507 2343 2593 praesens
2363 2512 2774 2597 propositum
2805 2531 2934 2572 nou
2968 2520 3099 2582 est,
3149 2527 3336 2590 quam
3363 2518 3435 2566 ut

1933 2613 2294 2691 ostendam,
2325 2614 2572 2677 nullam
2593 2612 3004 2688 sententiam,
3038 2631 3226 2695 quam
3249 2626 3440 2691 prae·

1930 2716 2092 2779 clari
2132 2715 2214 2780 'hi
2253 2719 2378 2783 viri
2426 2716 2747 2795 attulere,
2810 2734 3005 2799 posse
3053 2733 3199 2776 cum
3235 2709 3435 2775 certis

1927 2822 2365 2885 monumentis
2409 2818 2738 2904 componi.

2058 2922 2518 3009 Lampridius,
2576 2925 2690 3011 qui
2735 2921 3028 3007 singulos
3069 2916 3439 2983 Commodo

1935 3025 2189 3091 delatos
2254 3025 2544 3091 bonores
2605 3040 2733 3087 tam
2797 3024 2989 3087 anxie
3036 3039 3434 3085 commemo-

1933 3141 2068 3202 rat,
2145 3141 2216 3188 ut
2271 3147 2358 3190 ne
2427 3127 2730 3190 consules
2794 3123 3062 3211 quidem
3119 3134 3194 3186 a‘c
3255 3121 3432 3182 diem

1939 3227 2231 3303 omittat,
2303 3227 2469 3288 nibil
2532 3242 2751 3291 tamen
2820 3225 2903 3287 de
2970 3221 3207 3286 collata
3277 3220 3431 3281 trib.

1922 3341 2295 3414 potestate,
2340 3328 2516 3412 quod
2555 3328 2790 3390 mirum
2836 3345 3028 3402 sane,
3070 3321 3433 3385 memoriae

1935 3428 2250 3516 prodidit.
2337 3428 2740 3512 Capitolinus
2792 3443 3137 3512 postquam
3177 3443 3436 3487 narras·

1936 3547 2038 3603 set
2083 3533 2177 3613 ι),
2265 3530 2646 3611 Aurelium,
2732 3543 2804 3593 ut
2880 3534 3157 3593 Romam
3229 3526 3450 3603 venit,-

1936 3633 2409 3722 triumphasse,
2471 3631 2645 3717 quod
2706 3630 2942 3698 accidit
3018 3630 3096 3695 23
3158 3632 3435 3693 Decem.

1935 3737 2019 3815 V.
2079 3736 2150 3799 C.
2214 3752 2378 3818 oso,
2441 3734 2755 3797 continuo
2818 3734 3112 3816 subjicit:
3172 3737 3436 3797 Exinde

1936 3841 2301 3911 Lanuvium
2322 3842 2652 3929 profectus
2696 3848 2812 3900 est.
2904 3841 3304 3928 Commodum
3333 3839 3437 3898 de·

1938 3944 2088 4005 iude
2117 3940 2248 4002 sibu·
2280 3942 2593 4022 colleyam
2627 3944 2697 4002 in
2715 3943 2861 4002 trib.
2882 3950 3265 4020 potestatem
3277 3943 3437 4016 jun·

1934 4046 2060 4123 trit.
2152 4040 2303 4134 Quo
2357 4041 2769 4117 testimonio,
2841 4041 2965 4104 nisi
3009 4040 3428 4119 fallaxforto
3497 4029 3510 4033 ⁴

1937 4157 2039 4206 est
2054 4167 2074 4219 ·,
2123 4143 2297 4206 istud
2319 4144 2545 4206 saltem
2567 4142 2906 4220 docemur,
2950 4143 3015 4207 ei
3035 4141 3434 4204 tribunatum

1933 4243 2190 4308 nonnisi
2209 4259 2358 4329 post
2396 4247 2568 4315 bunc
2604 4244 3043 4328 triumphum,
3088 4255 3156 4305 et
3184 4260 3434 4307 memo·

1934 4361 2148 4411 ratum
2191 4361 2452 4431 tempus
2494 4347 2871 4412 accessisse.
2958 4349 3120 4413 Cum
3176 4345 3434 4430 Capito·

404 4563 468 4631 a)
507 4558 570 4619 in
609 4555 813 4619 Aurei.
854 4576 986 4637 cap.
1026 4571 1117 4629 27.

388 4664 396 4671 ·
482 4655 484 4657 ’
525 4653 701 4734 (Vol.
752 4651 965 4732 7111.)

3011 4526 3022 4555 θ

2728 4654 3031 4792 ,(583
