4388 5576
1083 594 1236 671 AD
1304 561 1877 672 voLvMEN
1939 595 2422 673 Prummu·
3214 621 3297 682 11

242 766 392 857 dium
421 767 495 829 in
527 765 855 832 tribunatu
885 768 1021 831 xri.
1056 768 1192 852 jam
1219 768 1451 831 saltem
1489 766 1698 830 fuisse

122 932 131 939 x
238 870 390 936 IMP.
438 869 700 961 xxm.
1188 882 1190 884 ’

941 953 979 989 *¹

734 1000 773 1036 ὓ
1147 1000 1185 1038 fi

339 1075 551 1159 Atque
590 1074 671 1136 de
706 1074 807 1135 his
840 1071 1265 1148 Cunobelini,
1309 1087 1376 1136 et
1416 1072 1704 1147 Camalo-

232 1172 367 1236 duni
384 1176 976 1247 numisdistinctius
994 1166 1336 1237 videbatur
1356 1176 1699 1257 agendum.

231 1278 524 1361 Reliquos
568 1279 831 1341 omnino
874 1263 1493 1359 lubet'praeterire:
1546 1300 1608 1341 v.
1643 1298 1699 1340 c.

230 1380 615 1447 BOOVIRA
647 1381 757 1444 vel
789 1378 1105 1447 BODVO
1126 1423 1142 1456 ,
1188 1376 1505 1441 creditam
1534 1380 1700 1441 Boa-

232 1478 463 1544 diceam
483 1480 777 1565 reginam
797 1502 879 1544 ex
899 1480 1126 1543 Tacito
1143 1481 1488 1564 cognitam,
1514 1481 1698 1547 CAS.

228 1581 692 1649 Cassivelanum
750 1602 980 1667 regem
1027 1607 1063 1645 a
1112 1582 1329 1645 Dione
1381 1603 1700 1645 memora-

224 1698 373 1761 tum,
420 1683 781 1762 LVCCIO,
823 1707 1018 1770 quem
1050 1685 1486 1750 Bouterovius
1521 1700 1733 1768 puta·.

222 1786 305 1849 vit
346 1806 488 1849 esse
528 1788 855 1866 Lucium,
890 1788 1001 1872 qui
1048 1809 1282 1873 regum
1329 1787 1577 1871 primus
1630 1787 1700 1847 in

218 1888 536 1952 Britannia
597 1890 841 1952 Christi
902 1890 1102 1952 fidem
1161 1888 1499 1974 professus
1564 1902 1697 1965 est,

218 1992 404 2051 REX.
472 1992 790 2069 GALLIS,
864 1992 1034 2073 apud
1092 1992 1490 2055 camdenum
1566 2005 1696 2055 etc.

217 2095 487 2170 Harum,
521 2093 956 2178 similiumque
984 2093 1476 2176 inscriptionum
1507 2093 1696 2176 plura

217 2194 689 2278 exemplajamx
708 2195 862 2258 dedi
898 2195 979 2258 ad
1010 2194 1257 2258 calcem
1303 2208 1698 2257 commenta-

214 2296 454 2358 riorum
507 2297 577 2357 in
623 2318 854 2358 numos
902 2295 1212 2361 Gallicos.
1272 2297 1698 2379 Conjecturas

212 2418 365 2461 vero
407 2397 491 2461 de
532 2397 632 2460 his
669 2399 974 2476 fallaceS,
1034 2412 1101 2463 et
1145 2419 1338 2481 saepe
1388 2397 1696 2461 absurdas

208 2514 357 2583 pete
398 2500 480 2561 ex
510 2500 879 2563 auctoribus
911 2484 1208 2578 laudatis,
1245 2500 1598 2577 Camdeno,
1631 2513 1700 2562 et

208 2602 394 2683 hujus
429 2615 942 2665 commentatore
975 2605 1333 2680 Walltero,
1378 2605 1700 2667 Boutero—

209 2703 346 2779 vio,
394 2704 632 2767 Wisio.
706 2704 879 2767 Sane
928 2726 1091 2788 quae
1136 2705 1238 2766 illi
1288 2705 1564 2768 ridicula
1614 2702 1697 2767 ad

203 2806 656 2888 explicandum
688 2806 1077 2872 vocabulum
1110 2807 1461 2886 TASCIO,
1499 2809 1695 2869 TAS·

203 2909 530 2975 CVANTI
563 2924 686 2973 etc.
723 2906 789 2971 in
821 2910 935 2971 his
960 2909 1172 2972 numis
1201 2931 1395 2995 saepe
1429 2908 1692 2974 obvi-um

199 3011 514 3084 attulere,
563 3012 813 3093 aptiora
848 3011 1009 3072 mihi
1044 3033 1280 3075 scenae
1302 3057 1319 3089 ,
1370 3033 1558 3094 quam
1593 3031 1693 3073 se-

196 3111 313 3173 riis
350 3112 831 3174 commentariis
867 3110 1276 3177 videbantur.
1335 3114 1475 3174 Nisi
1523 3132 1689 3193 ergo

195 3211 556 3294 scriptores
592 3216 858 3295 nuperi,
907 3233 1068 3296 quos
1101 3212 1263 3274 mihi
1299 3224 1475 3275 tanto
1511 3211 1691 3271 hiatu

194 3310 615 3376 commendat
642 3333 994 3400 anonymus
1022 3334 1233 3390 meus,
1268 3303 1481 3375 sanius
1514 3312 1693 3397 quid,

191 3438 269 3476 ac
313 3415 729 3478 verisimilius
769 3415 1027 3492 dixere,
1071 3436 1179 3478 res
1219 3428 1409 3478 vetus
1438 3415 1692 3477 Britan-

187 3520 344 3581 niae
392 3518 784 3595 monetaria‚
834 3532 979 3584 tam
1009 3517 1289 3601 putanda
1327 3531 1428 3579 est
1465 3517 1693 3580 obscu-

185 3644 259 3681 ra
281 3667 298 3697 ,
354 3641 431 3684 ac
466 3621 641 3684 sinae
676 3620 973 3697 nomine,
1019 3642 1212 3705 quam
1252 3641 1371 3683 nos
1404 3631 1691 3682 nostram

184 3723 590 3786 Germaniae
636 3722 1033 3807 experimur.
1094 3723 1181 3784 At
1226 3742 1355 3807 quo
1398 3722 1453 3784 is
1499 3733 1690 3806 pacto

181 3839 439 3889 tantam
470 3825 660 3889 nobis
689 3846 872 3910 spem
910 3838 1127 3909 potest
1157 3824 1495 3909 polliceri,
1541 3844 1691 3908 curn

175 3929 339 4012 ipse
387 3929 516 4012 jam
566 3941 754 3991 antea
805 3927 1124 4004 edixerit,
1192 3927 1260 3988 in
1305 3927 1693 3996 Pinkerteni

173 4052 402 4116 opere
466 4030 828 4116 perfectam
889 4029 1080 4113 hujus
1136 4031 1338 4116 partis
1397 4030 1687 4097 notitiam

176 4134 572 4198 contineri?

597 4324 674 4385 P.
695 4321 797 4404 85.
834 4322 961 4387 col.
989 4343 1040 4386 ι.
1076 4322 1194 4386 lin.
1219 4321 1292 4388 5.

366 4439 688 4504 Deleatur
718 4441 994 4505 Falisci.

574 4628 651 4687 Ρ.
675 4624 781 4707 89.
818 4624 943 4686 col.
975 4646 1033 4691 ι.
1065 4588 1184 4688 bin.
1209 4645 1311 4697 22.

318 4744 722 4821 omittenda,
753 4739 917 4830 «ξω
950 4708 1252 4810 dicamur
1282 4746 1363 4810 de
1401 4749 1689 4812 rozeria.

2459 770 2533 832 P.
2566 777 2672 848 qo.

1944 868 2142 932 Numi
2179 866 2332 933 huic
2373 870 2674 933 Faleriae
2726 869 2951 934 tributi
2994 887 3140 936 sunt
3175 875 3314 936 Eli-

1821 969 1940 1038 dis.
1987 974 2068 1041 V.
2108 972 2301 1055 hujus
2328 993 2582 1036 numos.

1943 1075 2218 1158 Applica
2241 1073 2393 1151 huc,
2423 1094 2585 1160 quae
2612 1074 2679 1135 in
2703 1073 2898 1136 simili
2924 1096 3132 1154 causa,
3161 1100 3310 1142 cum

1818 1177 1929 1240 diu
1964 1177 2332 1260 litigaretur
2362 1177 2445 1240 de
2481 1184 2679 1241 sensu
2711 1177 3007 1242 vocabuli
3035 1174 3308 1255 ΒΙΡΙΣ,

1818 1279 2098 1362 disputat
2128 1277 2420 1359 Haynius
2457 1279 2525 1339 in
2567 1299 2716 1341 suo:
2778 1281 3158 1364 Sammlung
3202 1304 3309 1345 an-

1816 1381 1927 1465 tiq.
1955 1379 2141 1444 Ausa.
2179 1402 2202 1440 ι
2236 1378 2456 1443 Stuck.
2493 1380 2683 1457 S.(›4.
2729 1384 2890 1443 Item
2924 1404 3310 1465 perversum

1814 1480 2125 1565 judicium
2167 1480 2564 1557 Froelichii,
2616 1482 2993 1561 Pellerinii,
3037 1486 3308 1549 Barthe-

1814 1585 1998 1649 lemii
2035 1585 2117 1648 de
2157 1584 2368 1646 numia
2404 1583 2781 1648 SelinuntiS.
2871 1616 2882 1632 ,

2183 1791 2263 1850 P.
2291 1786 2400 1871 93.
2433 1789 2561 1855 col.
2591 1810 2641 1853 ι.
2680 1788 2801 1852 lin.
2829 1788 2932 1852 23.

1943 1906 2260 1989 Iosephus
2339 1908 2627 1970 Casalius
2706 1908 2776 1968 in
2859 1908 3312 1973 dissertatione

1816 2029 1983 2071 anno
2020 2008 2318 2090 proxime
2357 2009 2861 2093 elapso-Romae
2899 2011 3306 2094 vulgata'hos

1814 2131 2046 2172 numos
2077 2109 2146 2170 in
2181 2109 2454 2174 insulam
2491 2111 2904 2176 Pithecusam
2939 2114 3161 2176 Cumis
3199 2136 3313 2197 op-

1814 2213 2091 2295 positam
2123 2212 2384 2295 trajicit.
2429 2215 2680 2282 Verum
2722 2235 2949 2278 omnes
3001 2214 3124 2278 hae
3169 2236 3313 2278 sen-

1813 2314 2057 2377 tentiae
2098 2313 2411 2378 hactenus
2450 2315 2617 2378 intra
2653 2317 3060 2400 conjecturas
3100 2317 3310 2379 consi-

1816 2429 2023 2479 Stante

2211 2588 2288 2651 P.
2317 2580 2418 2668 93.
2456 2583 2580 2646 col.
2608 2601 2667 2644 2.
2703 2583 2822 2647 lin.
2846 2606 2911 2667 7.

1939 2704 2223 2767 Numum
2269 2704 2442 2767 hunc
2480 2703 2610 2787 jam
2657 2703 2816 2768 olim
2855 2703 2925 2765 in
2968 2703 3131 2767 meis
3176 2707 3306 2765 Nu·

1811 2808 1932 2870 mis
1980 2809 2354 2886 veteribus,
2412 2821 2480 2871 et
2521 2827 2693 2869 nunc
2738 2806 2976 2868 iterum
3019 2807 3305 2890 Populo-

1810 2911 1956 2974 niae
2027 2910 2300 2994 largitus
2367 2932 2510 2973 sum
2574 2922 2852 2992 propter
2916 2929 3308 2972 concursum

1810 3012 2081 3076 duarum
2135 3035 2507 3089 causarum,
2563 3013 2844 3096 primum
2890 3011 3108 3076 larvae
3160 3034 3306 3074 cum

1804 3114 2031 3196 lingua
2048 3115 2278 3196 ejecta,
2305 3113 2545 3177 deinde
2572 3113 2990 3196 globulorum
3021 3117 3086 3175 in
3116 3128 3299 3196 parte

1806 3236 2067 3291 aversa,
2116 3215 2425 3276 nimirum
2478 3235 2562 3276 ex
2609 3215 2763 3296 lege
2816 3215 2883 3274 in
2929 3214 3029 3277 his
3078 3215 3304 3284 studiis

1804 3329 2113 3400 recepta,
2168 3336 2321 3378 eum
2385 3335 2585 3377 numo
2651 3315 3096 3398 anepigrapho
3140 3316 3305 3378 adsi-

1808 3417 2062 3502 gnanda
2095 3431 2196 3481 est
2225 3416 2450 3501 patria,
2495 3415 2762 3480 Pridem
2791 3436 3138 3492 noveram,
3188 3419 3304 3480 Ca—

1806 3521 2094 3583 marinae
2142 3539 2402 3604 quoque
2441 3505 2936 3590 numosinuna
2978 3519 3146 3582 facie
3190 3540 3301 3582 exf-

1805 3622 2038 3685 hibere
2082 3625 2360 3699 larvam,
2417 3621 2488 3682 in
2529 3620 2735 3684 altera
2777 3619 3103 3705 globulos.
3173 3623 3304 3689 Ve-

1804 3745 1953 3785 rum
1993 3723 2494 3807 illotempore,
2545 3741 2679 3806 quo
2719 3721 2950 3805 pagina
3003 3724 3166 3785 baec
3207 3737 3300 3805 ty-

1804 3828 1906 3910 pis
1944 3846 2251 3909 expressa
2284 3824 2438 3902 fuit,
2476 3822 2764 3886 nondum
2801 3823 2960 3885 mihi
3000 3825 3299 3908 cognitus

1805 3929 1929 3992 fuit
1963 3929 2342 3991 Camarinae
2387 3949 2618 3990 numus
2657 3947 2804 3989 cum
2837 3925 3138 4010 peristasi
3176 3927 3301 3989 lin-

1807 4051 1973 4117 guae
2001 4032 2177 4094 foras
2204 4030 2562 4117 projectae.
2594 4031 2755 4093 Nam
2783 4029 3102 4112 Princeps
3132 4033 3300 4093 Tur·

1803 4134 1907 4197 ris·
1958 4133 2203 4196 Mutiae
2266 4133 2333 4194 in
2395 4132 2619 4196 Sicilia
2681 4155 2795 4196 sua
2849 4133 3298 4197 numismatica

1726 4257 1729 4260 ’
1807 4236 1947 4320 ejus
1997 4234 2260 4318 generis
2299 4234 2553 4297 nullum
2596 4234 2869 4311 obtulit,
2923 4234 3042 4298 sed
3088 4236 3297 4298 serius

1803 4337 1996 4400 binos
2034 4339 2101 4398 in
2138 4357 2256 4399 suo
2294 4335 2603 4399 Auctario
2640 4340 2685 4400 l.
2708 4381 2725 4411 ,
2772 4336 2890 4399 sed
2924 4336 3098 4419 quod
3134 4359 3297 4420 opus

1803 4439 2063 4502 nonnisi
2122 4439 2389 4522 vulgato
2448 4436 2804 4500 Doctrinae
2869 4459 3056 4501 meae
3116 4441 3301 4502 volu·

1805 4543 1979 4604 mine
2012 4544 2060 4604 1.
2098 4540 2180 4603 ad
2227 4561 2312 4603 ne
2365 4539 2690 4622 perlatum
2734 4553 2872 4616 est,
2923 4539 3099 4625 quod
3149 4539 3300 4603 fieri

1805 4646 1974 4706 solet
2010 4644 2077 4704 in
2111 4655 2283 4705 tanta
2311 4644 2655 4725 regionum
2687 4641 3006 4708 distantia.
3052 4644 3296 4713 Veram

1806 4746 1972 4809 adeo
2035 4743 2216 4807 numi
2279 4744 2471 4828 hujus
2531 4744 2804 4829 patriam
2855 4768 2982 4812 una
3025 4745 3296 4809 scientia
3397 4749 3403 4757 '

1804 4857 1813 4868 ‘
2667 4848 2729 4910 B
2773 4867 2809 4909 2
