4388 5576
1164 607 1263 656 κη
2104 584 2617 665 NOTITIA
2664 583 3340 659 LITERARIA

1160 756 1452 833 tabulas
1480 755 1785 845 addidit,
1818 773 2464 856 repraesentantes
2501 780 2632 831 eos
2667 754 2784 831 vel
2822 753 3143 830 ineditos
3181 751 3294 829 vel
3316 752 3507 827 male
3546 750 3922 853 explicatos
3948 781 4155 845 aunon,

1164 916 1356 992 quos
1400 892 1597 964 inter
1638 891 2151 966 anecdotos
2198 891 2527 963 nondum
2564 891 3073 990 descripserat.
3149 892 3236 958 In
3274 886 3737 987 praefatione
3769 884 3967 984 hujus
3985 887 4158 984 operis

1161 1025 1466 1100 crimina
1489 1051 1532 1100 a
1557 1025 2038 1099 celeberrimo
2081 1028 2137 1096 P
2160 1023 2243 1097 el
2265 1023 2516 1098 lerin
2546 1050 2593 1097 o
2640 1023 2782 1097 sibi
2823 1024 3120 1121 objecta
3153 1019 3501 1129 diluenda
3541 1019 3853 1118 putavit3
3890 1018 4158 1117 quiegre-

1161 1160 1327 1257 gius
1372 1160 1482 1234 rei
1522 1159 1900 1234 numariae
1940 1158 2256 1258 scriptor
2302 1157 2384 1231 in
2426 1157 2889 1258 praefatione
2911 1157 3342 1233 Voluminis
3373 1145 3532 1230 Vll.
3585 1172 3662 1226 et
3681 1155 3884 1244 an,
3917 1176 4034 1225 nec
4059 1177 4155 1222 nou

1160 1293 1239 1365 in
1259 1292 1798 1369 Additamentis
1836 1290 1933 1369 ad
1950 1295 2321 1368 Volumen
2349 1295 2468 1366 lx.
2515 1293 2760 1392 operis
2797 1295 2914 1366 sui
2951 1291 3200 1392 paullo
3225 1289 3566 1363 acerbius
3596 1303 4008 1386 conquestus
4039 1302 4157 1370 erat,

1160 1423 1369 1525 quod
1398 1427 1683 1501 Eckhel
1713 1446 1967 1501 noster
1997 1480 2023 1517 ‚
2078 1428 2350 1501 invidia
2393 1429 2695 1514 ductus,
2747 1428 3166 1526 complures
3204 1429 3366 1522 ejus
3410 1448 3698 1495 errores
3736 1421 3967 1520 iniquo
3992 1422 4157 1493 animo

1159 1560 1552 1652 retexisse‚
1602 1562 1719 1636 vel
1756 1562 2058 1636 omnino
2108 1562 2342 1637 falsos
2378 1562 2449 1635 ei
2483 1564 2882 1661 imputasse
2918 1559 3312 1634 videretur.
3362 1555 3687 1645 Eckbel,
3737 1558 3931 1656 cujus
3961 1551 4158 1626 animus

1161 1695 1255 1770 ab
1297 1695 1570 1769 invidia
1615 1722 1912 1797 semper
1953 1697 2179 1796 longe
2232 1696 2556 1785 alienus,
2609 1695 2685 1768 id
2742 1693 2947 1793 quod
3004 1692 3342 1791 dignitati
3390 1716 3567 1765 suae
3634 1689 3880 1764 deberi
3933 1684 4155 1793 videbat,
4255 1760 4256 1783 χ

1160 1853 1298 1927 pro
1344 1828 1793 1902 humanitate
1844 1857 1976 1904 sua
2020 1832 2197 1903 mite
2241 1828 2661 1929 responditz
2713 1829 2823 1899 rei
2871 1827 3246 1900 numatiae
3295 1824 3680 1911 scientiam
3751 1839 3859 1895 tot
3899 1848 3972 1896 ac
3996 1837 4156 1892 tantas

1162 1962 1534 2035 involvere
1572 1961 2086 2053 difficultates,
2132 1981 2220 2036 ut
2255 1962 2658 2038 doctissimi
2703 1979 2779 2034 et
2817 1959 3279 2034 celeberrimi
3327 1957 3608 2057 quique
3649 1957 3961 2031 homines
3992 1953 4053 2024 in
4079 1949 4157 2022 ali·
4255 1996 4256 2009 κ

1165 2111 1352 2193 quot
1419 2121 1706 2169 errores
1764 2095 2010 2168 delabi
2064 2098 2396 2195 possint,
2452 2097 2635 2195 quin
2692 2093 3127 2170 existimatio
3185 2093 3279 2167 de
3341 2093 3583 2167 solida
3643 2110 3719 2166 et
3770 2107 3953 2165 vasta
3990 2110 4157 2159 eorum

1164 2227 1584 2302 eruditione
1646 2227 1876 2300 ullum
1925 2230 2189 2333 exinde
2243 2231 2758 2304 detrimentum
2816 2230 3155 2329 patiatur.
3234 2231 3422 2301 Nam
3471 2225 3680 2316 fieri,
3730 2243 3852 2313 ut,
3899 2223 3967 2294 in
4010 2216 4158 2315 expli·

1165 2360 1426 2433 candis
1467 2361 1711 2434 numis
1748 2364 2146 2452 veteribus,
2207 2365 2390 2438 alius
2431 2364 2574 2439 alio
2614 2362 3135 2463 praestantiori
3190 2362 3586 2459 exemplari
3626 2376 3886 2447 utatur,
3924 2352 4159 2450 adeoquo

1162 2518 1315 2567 rem
1353 2494 1611 2568 melius
1646 2512 1917 2594 tangat.
1971 2497 2236 2598 Quoad
2276 2524 2563 2573 errores
2608 2515 2894 2585 autem,
2949 2521 3135 2594 quos
3171 2494 3583 2567 Pellerinus
3638 2493 3825 2566 falso
3864 2487 4158 2582 sibiimpu-

1165 2644 1357 2700 tatos
1393 2645 1830 2717 asseruerat,
1877 2630 2161 2703 Eckhel
2197 2631 2522 2704 criticam
2558 2657 2767 2702 suam
2816 2629 3268 2726 argumentis
3297 2626 3894 2702 luculentissimis
3922 2618 4158 2694 firmavit:

1166 2777 1537 2834 caeterum
1579 2764 1811 2860 justas
1850 2763 2229 2837 Pellerino
2272 2765 2526 2838 laudes
2565 2761 2918 2844 attribuit.
2987 2765 3075 2834 In
3123 2761 3271 2836 fine
3316 2762 3540 2862 hujus
3578 2759 3897 2861 catalogi
3931 2750 4159 2830 notitiam

1166 2891 1589 2966 historicam
1625 2893 1717 2966 de
1752 2896 2014 2968 Museo
2054 2897 2423 2970 Caesareo
2456 2898 3028 2973 Vindobonensi
3070 2898 3414 2971 adseruit.
4253 2985 4254 2988 Ἴ

1360 3025 1480 3098 Ab
1512 3029 1654 3099 An.
1691 3043 1875 3122 1779
1921 3055 2154 3127 usque
2197 3031 2289 3103 ad
2322 3034 2464 3107 An.
2508 3041 2696 3117 1186
2712 3086 2735 3121 ,
2780 3032 3064 3104 nullum
3106 3049 3298 3131 opus·
3326 3029 3861 3105 Eckbelianum
3892 3028 3959 3098 in
3999 3023 4155 3095 lucem
4253 3029 4254 3116 1

1165 3157 1461 3257 prodiit.
1538 3162 1703 3260 Quo
1753 3164 2101 3261 temporis
2146 3166 2385 3264 spatio
2432 3165 2826 3265 interjecto
2859 3165 3143 3239 Echhel
3182 3190 3487 3237 novam
3546 3165 3966 3262 syllogen
4011 3150 4160 3228 edidil
4253 3153 4254 3176 ¹

1165 3318 1555 3365 numorum
1616 3310 1940 3367 veterum
2006 3299 2533 3371 anecdotorum
2584 3301 2694 3396 ⁸),
2751 3326 2939 3398 quos
2996 3299 3280 3372 interea
3351 3300 3431 3370 in
3484 3297 3845 3372 thesauro
3904 3293 4159 3367 Caesam

1165 3445 1502 3523 repertos
1541 3427 1619 3498 in
1654 3428 1929 3503 classes
1980 3435 2401 3530 systematis
2435 3433 2549 3504 sui
2590 3413 2999 3531 redegerat.
3050 3435 3255 3506 Haec
3295 3434 3670 3534 syllogeX
3723 3429 3975 3506 tabulis
4003 3417 4160 3499 aeneis

1164 3577 1382 3634 aucta
1420 3578 1553 3636 est.
1627 3561 2016 3635 Caeterum
2055 3566 2688 3639 continuationem
2729 3593 2882 3640 non
2925 3568 3204 3642 habuit.

1126 3692 1155 3726 “
1361 3692 1645 3767 Eodem
1712 3712 2045 3795 tempore
2109 3717 2371 3772 auctor
2420 3718 2676 3774 noster
2745 3719 2823 3774 et
2886 3702 3492 3802 monographiam
3553 3696 4086 3774 numismaticam
4118 3680 4162 3771 Β)

1166 3825 1602 3924 publicavit,
1662 3854 1807 3924 qua
1845 3832 2334 3928 copiosiorem
2382 3835 2801 3934 systematis
2850 3836 2965 3908 sui
3009 3863 3219 3910 usum
3267 3836 3615 3910 ostendit.
3689 3833 3983 3908 Materia
4015 3825 4158 3920 hujus

1168 3960 1747 4056 monograpbiae
1795 3979 1906 4033 est
1951 3985 2248 4040 moneta
2270 3969 2713 4042 Antiochiae
2744 3970 3029 4068 Syriae,
3086 3972 3300 4069 cujus
3334 3971 3414 4043 in
3458 3970 3953 4069 descriptione
3993 3972 4159 4034 aucto«

1166 4106 1424 4163 noster
1474 4091 1852 4192 specimen
1893 4098 2068 4171 artis
2119 4101 2417 4175 criticae
2450 4103 2526 4173 in
2567 4130 2650 4176 re
2684 4104 3015 4177 numaria
3062 4105 3412 4178 exhibuit.
3487 4107 3575 4176 In
3612 4101 4052 4204 praefatione
4084 4088 4163 4160 Μ·

1152 4227 1283 4340 ⁴jus
1325 4227 1663 4325 opusculi
1697 4229 2006 4328 primum
2052 4232 2405 4333 loquutus
2444 4253 2556 4309 est
2592 4238 2686 4312 de
2733 4237 3152 4311 doctrina
3213 4265 3638 4328 numorum,.
3682 4264 3832 4336 qua
3876 4218 4162 4310 condendss·

1168 4374 1347 4432 tunc
1388 4362 1910 4461 occupabatur.

1362 4487 1560 4567 Ante
1604 4524 1822 4596 quam
1856 4525 2043 4604 opus
2081 4501 2301 4600 hujus
2335 4503 2716 4579 doctrinae
2736 4558 2759 4594 ,
2812 4534 2961 4605 qua
2996 4509 3103 4579 rei
3145 4509 3518 4582 numariae
3551 4506 3935 4580 scientiam
3960 4493 4168 4600 penitus

1159 4661 4170 4700 Ἥ

1239 4752 1301 4820 a)
1345 4750 1583 4827 Sylloge
1629 4754 1737 4812 Ima
1768 4771 2081 4816 numerum
2114 4763 2538 4821 anecdotorum
2576 4766 2835 4825 thesauri
2868 4769 3162 4825 Caesarei.
3199 4768 3463 4829 Viennae
3501 4771 3674 4836 1786.
3717 4768 3781 4824 in
3807 4775 3911 4828 4⁸⁰·

1235 4843 1309 4915 b)
1352 4847 1681 4924 Descriptio
1710 4871 2019 4912 numerum
2046 4859 2392 4918 Antiochiae
2420 4861 2620 4937 Syriae
2640 4901 2658 4930 ‚
2698 4863 2821 4922 sive
2849 4862 3155 4941 specimen
3187 4864 3324 4922 artis
3355 4865 3613 4939 criticae‘
3634 4862 3952 4922 numatiac.
3984 4854 4170 4915 Vitlffl‘

1350 4945 1508 5004 1786.
2403 4955 2413 4966 ·
