4388 5576
955 466 1114 544 DE
1182 463 1916 541 TR1BvN1T1A
1982 407 2739 544 roTEsTATE.

318 658 459 743 ejus
502 654 652 720 anni
694 622 1038 731 tr'ibuitur,
1102 648 1277 734 quod
1335 670 1593 713 rursum
1654 617 1808 710 insi!-

312 761 495 846 gnite
548 758 783 823 falsum
844 769 965 817 est.
1051 756 1124 814 In
1188 773 1343 816 arcu
1405 751 1801 834 triumphali,

311 864 421 945 qui
484 874 693 924 exstat
747 858 1151 941 Segusione,
1217 855 1296 916 ab
1358 856 1499 917 aliis
1559 855 1805 916 lectum

312 969 489 1029 IMP.
533 963 743 1039 x111.,
789 961 870 1025 ab
913 955 1057 1022 aliis
1100 958 1280 1022 IMP.
1324 957 1527 1019 x1111.
1562 957 1620 1036 ⁸)
1676 957 1807 1018 Ee·

316 1067 464 1144 dem
539 1049 737 1128 modo
809 1063 1123 1129 variatum
1191 1059 1257 1119 in
1325 1058 1808 1141 promulgando

316 1171 818 1254 epigrammate,
865 1163 1041 1248 quod
1085 1161 1331 1246 legitur
1364 1160 1430 1221 in
1464 1179 1622 1238 arcu
1660 1180 1812 1241 por·

313 1285 419 1334 tus
453 1267 842 1332 Anconitani
872 1262 1229 1345 ι>).111ιι«1
1212 1282 1421 1344 ipsum
1460 1282 1606 1324 cum
1642 1260 1810 1322 mul·

314 1388 420 1448 to,
486 1392 680 1456 quam
739 1368 1052 1429 hactenus
1113 1362 1386 1437 sactum,
1444 1362 1832 1426 correctius‘

316 1495 387 1538 se
477 1487 855 1556 proponere
938 1466 1368 1551 profiteretur
1453 1464 1537 1527 cl.
1616 1464 1810 1527 abbas

315 1576 454 1638 Fea
512 1574 581 1634 in
643 1561 1149 1634 I'Vinltelmanno
1216 1585 1335 1628 suo
1385 1566 1481 1649 0),
1545 1585 1630 1628 en
1689 1565 1810 1628 tibi

316 1677 589 1743 alteram
624 1674 703 1738 ab
742 1692 823 1735 eo
864 1672 1224 1754 inspersam
1263 1667 1617 1744 maculam,
1660 1689 1809 1730 cum

316 1773 409 1841 ibi
453 1785 576 1860 pro
621 1789 841 1850 certo,
904 1794 981 1837 ac
1023 1772 1399 1835 necessario
1459 1768 1650 1835 COS.
1696 1771 1809 1835 Vl.

315 1882 575 1962 legatur
630 1878 991 1944 COS.1V.
1077 1874 1307 1938 Facile
1360 1872 1660 1949 credam,
1721 1884 1813 1954 ty-

318 1982 625 2066 pothetae
670 1998 815 2039 eam
856 1976 1013 2039 vitio
1051 1976 1420 2058 irrepsisse.
1504 1976 1593 2036 At
1636 1974 1812 2035 enim

319 2103 546 2166 parum
624 2079 815 2142 nobis
869 2080 1252 2141 consultum
1326 2090 1661 2158 putamus,
1735 2074 1811 2150 si,

319 2182 496 2270 quod
546 2181 771 2244 vitium
820 2180 990 2242 cavit
1042 2193 1306 2254 auctor,
1350 2178 1569 2239 intulit
1621 2175 1815 2238 libra-

318 2287 480 2350 rius.
567 2286 751 2363 Ergo
796 2282 852 2344 si
898 2279 1338 2362 tam-copiose
1382 2292 1667 2343 erratum
1713 2290 1815 2340 est

320 2388 391 2448 in
466 2383 799 2470 capiendis
872 2382 1355 2466 epigrammatis
1432 2402 1514 2443 ex
1588 2400 1817 2446 monu-

319 2488 555 2552 mentis
598 2485 916 2569 publicis,
985 2498 1052 2546 et
1113 2484 1344 2568 optimi
1387 2484 1530 2547 aevi
1593 2483 1816 2545 chara-

319 2589 609 2655 cteribus
665 2586 1024 2671 insignitis,
1108 2601 1176 2649 et
1236 2609 1270 2648 a
1337 2585 1489 2649 viris
1548 2582 1812 2667 quidem

317 2691 660 2777 praeclare
724 2690 1033 2765 eruditis,
1096 2710 1289 2774 quam
1349 2688 1641 2753 enormia
1700 2706 1816 2749 ne·

317 2814 503 2859 cesse
551 2806 653 2858 est
702 2812 899 2876 saepe
948 2792 1227 2856 admissa
1271 2804 1539 2875 peccata
1589 2790 1655 2852 in
1704 2790 1818 2853 de·-

318 2895 681 2960 scribendis
723 2895 1190 2971 marmoribus,
1235 2913 1512 2978 quorum
1553 2893 1815 2957 charac-

317 2988 499 3061 teres
558 2997 668 3063 vel
726 3012 876 3063 sunt
934 2996 1400 3072 semibarbari,
1477 2997 1588 3060 vel
1649 3014 1814 3059 aevo

320 3100 571 3175 adrosi,
634 3098 986 3180 praecipue
1042 3118 1191 3160 cum
1251 3097 1424 3159 istud
1484 3108 1816 3157 tentarent

319 3200 581 3281 ingenia
609 3220 838 3281 parum
880 3198 1165 3275 erudita,
1202 3211 1309 3261 aut
1339 3197 1559 3278 exigui
1590 3198 1656 3257 in
1693 3197 1814 3258 hae

323 3299 664 3381 disciplina
697 3299 896 3360 usus?
956 3301 1044 3358 Et
1086 3319 1243 3361 vero
1276 3299 1344 3359 in
1379 3296 1815 3381 excerpendis

322 3402 614 3464 numeris
659 3412 839 3462 tanto
887 3397 1145 3461 facilius
1196 3399 1499 3465 accidunt
1549 3411 1817 3480 peccata

324 3503 519 3566 etiam
583 3499 898 3577 eruditis,
968 3502 1156 3585 quia,
1224 3502 1361 3564 sive
1426 3502 1567 3562 ΤΒ.
1615 3504 1690 3563 Ρ.
1735 3500 1816 3560 X.

323 3605 462 3670 sive
506 3605 617 3667 XI.
685 3602 1005 3677 scribant,
1069 3602 1218 3664 dum
1284 3601 1594 3665 marmori
1654 3600 1818 3664 adsi·

226 3736 231 3739 *
324 3704 515 3781 dent,
554 3707 804 3789 lapsum
841 3725 970 3766 non
1006 3706 1447 3789 suspicantur,
1487 3703 1606 3766 sed
1642 3703 1817 3765 hunc

256 3868 265 3875 ι
324 3824 461 3872 tum
530 3807 794 3870 demum
864 3807 1180 3889 suspicari
1247 3807 1599 3893 incipiunt,
1668 3825 1816 3868 cum

324 3910 647 3976 subducto
709 3910 889 3973 domi
945 3908 1199 3973 calculo
1255 3931 1389 3971 non
1444 3927 1816 3992 congruere

321 4034 630 4078 numeros
675 4012 1087 4094 intelligunt,
1149 4026 1215 4074 at
1255 4013 1480 4075 redire
1526 4011 1608 4076 ad
1653 4031 1823 4072 mar·

324 4134 471 4177 mor
511 4114 787 4198 amplius
830 4134 964 4177 non
1004 4128 1316 4198 possunt,
1361 4134 1559 4195 saepe
1603 4114 1668 4175 in
1712 4116 1850 4196 'res

327 4216 700 4281 motissimis
754 4217 952 4281 terris
1005 4237 1130 4301 per
1186 4220 1319 4282 iter
1371 4229 1819 4301 conspectum.

398 4547 464 4619 a)
500 4542 786 4603 Muratori
824 4564 962 4623 pag.
1002 4512 1164 4621 1095-
1202 4548 1321 4608 tab.
1360 4547 1451 4609 111
1476 4562 1534 4609 et
1572 4549 1678 4611 111.

3265 491 3407 563 401

1920 652 2135 736 Atque
2197 650 2319 715 hae
2382 671 2611 714 causae
2673 663 2857 729 sunt,
2922 675 3040 718 cur
3096 658 3417 741 epigram.

1923 769 2163 827 matum
2225 767 2522 818 veterum
2584 755 2897 840 catalogi,
2959 778 3120 844 quos
3177 759 3418 825 Grute-

1921 877 2070 932 rus,
2164 858 2589 936 Muratorius,
2690 872 2758 921 et
2843 859 3215 944 quicunque
3308 864 3419 925 alii

1924 958 2299 1042 quantaevis
2343 960 2773 1041 praestantiae
2828 961 2954 1023 viri
2996 981 3419 1043 congessere,

1922 1062 1989 1120 in
2014 1060 2519 1143 promulgandis
2560 1062 2732 1124 notis
2765 1061 3252 1146 chronologicis
3288 1079 3419 1130 tam

1926 1163 2247 1244 graviter,
2326 1177 2588 1246 tamque
2661 1163 3049 1247 frequenter
3122 1182 3421 1249 peccent,

1925 1276 1997 1325 ut
2039 1263 2368 1345 spondere
2415 1266 2557 1347 ipse
2602 1264 2796 1327 facile
2838 1269 3117 1349 possim,
3183 1289 3266 1331 ex
3324 1271 3422 1333 in·

1924 1365 2388 1447 scriptionibus
2459 1365 2730 1440 decem,
2812 1388 2971 1450 quas
3042 1368 3109 1428 in
3189 1389 3419 1433 eorum

1926 1467 2238 1549 operibus
2282 1468 2486 1530 editas
2528 1468 2859 1549 reperias,
2907 1469 3014 1531 vix
3059 1458 3206 1532 esse
3246 1487 3420 1548 octe,

1926 1588 2083 1651 quas
2129 1569 2339 1651 possis
2387 1570 2634 1631 erroris
2679 1569 3052 1653 suspicione
3099 1571 3425 1636 immunes

1925 1669 2172 1733 testari.
2231 1670 2333 1729 Ex
2372 1669 2474 1731 his
2509 1680 2669 1752 erg‘o
2707 1683 2934 1752 suapte
2970 1686 3179 1755 patet,
3211 1691 3422 1756 ‘quan-

1924 1783 1996 1832 to
2042 1772 2187 1852 plus
2232 1770 2314 1832 ad
2358 1773 2720 1852 praesentis
2766 1775 3132 1857 argumenti
3182 1778 3422 1840 enoda-

1927 1871 2177 1935 tionem
2225 1872 2566 1936 conferant
2604 1876 2826 1950 numi,
2893 1897 3082 1958 quum
3129 1898 3424 1942 ‘marmo-

1930 1977 2024 2059 rq.
2112 1972 2373 2036 Etenim
2431 1974 2487 2038 si
2543 1976 2723 2035 numi
2777 1976 2973 2052 editi,
3037 1979 3143 2041 vel
3188 1991 3422 2042 eorum

1929 2096 2294 2159 praecones
2321 2075 2511 2138 nobis
2538 2089 2688 2137 sunt
2715 2078 3034 2158 suspecti,
3079 2099 3424 2162 possumus

1930 2197 2160 2246 eorum
2220 2178 2674 2242 auctoritatem
2734 2175 3092 2261 seponere,
3150 2201 3297 2244 cum
3354 2180 3424 2242 in

1926 2280 2402 2344 illustrioribus
2441 2282 2685 2343 museis
2738 2295 2997 2343 exstent
3041 2303 3273 2367 magna
3318 2301 3427 2345 cn·

1927 2385 2031 2467 pia
2066 2382 2280 2460 numi,
2326 2397 2685 2467 eorumque
2719 2383 2932 2447 indies
2966 2369 3429 2467 augeaturnu·

1928 2506 2183 2561 merus,
2232 2504 2512 2568 quorum
2558 2498 2698 2547 tuto
2742 2488 3067 2569 possimus
3114 2500 3288 2550 stare
3333 2500 3429 2550 te·

1932 2585 2291 2663 stimoniis,
2348 2600 2416 2649 et
2452 2588 2622 2651 male
2658 2611 2696 2651 a
2730 2589 3080 2671 majoribus
3117 2587 3428 2667 recitatos

1931 2691 2298 2772 corrigere.
2398 2689 2484 2751 At
2525 2703 2657 2753 non
2702 2690 2932 2753 eadem
2977 2691 3042 2776 in
3087 2690 3430 2752 marmori-

1854 2783 2053 2855 '‘bus
2116 2792 2606 2876 opportunitas,
2669 2814 2946 2878 quorum
3007 2813 3158 2856 cum
3219 2792 3429 2874 major

1929 2917 2080 2981 pars
2126 2893 2399 2977 disjecta
2441 2896 2564 2969 sit,
2609 2908 2718 2957 aut
2759 2896 2823 2957 in
2872 2895 3034 2959 alios
3081 2917 3231 2957 usus
3275 2915 3432 2959 con·

1931 3018 2163 3075 versa,
2211 3010 2320 3060 aut
2360 2995 2475 3058 ubi
2516 2998 2814 3061 locorum
2860 2999 3017 3073 sint,
3063 2999 3430 3083 ignoretur,

1930 3112 2040 3160 aut
2099 3097 2184 3161 ad
2245 3117 2321 3160 ea
2382 3096 2623 3160 iterum
2689 3097 3089 3161 consulenda
3148 3115 3426 3183 propter

1932 3197 2296 3260 distantiam
2313 3219 2340 3274 ,·
2393 3197 2679 3282 aliasque
2739 3221 2965 3264 causas
3008 3196 3296 3261 difficilis
3341 3200 3428 3262 sit

1931 3319 2268 3373 accessus,
2312 3319 2591 3385 necesse
2637 3312 2737 3362 est
2781 3301 2860 3363 iis
2906 3320 2988 3363 eo
3028 3300 3227 3364 modo
3269 3300 3425 3378 frui,

1931 3420 2062 3485 quo
2119 3401 2672 3482 descripta‘sunt.
2762 3400 3183 3492 Quapropter
3225 3424 3427 3488 pauca

1930 3504 2086 3565 artis
2156 3501 2507 3583 lapidariae
2543 3502 2990 3575 ‘monumenta
3052 3505 3207 3568 huie
3279 3526 3430 3590 pos-

1931 3617 2081 3668 sunt
2126 3602 2412 3667 examini
2456 3602 2619 3666 citra
2663 3606 2912 3667 erroris
2949 3618 3190 3669 metum
3227 3606 3433 3670 servi·

1928 3729 2041 3782 re,
2101 3704 2410 3767 nimirum
2472 3725 2798 3769 marmora
2855 3718 3099 3769 tantum
3163 3708 3427 3791 publice

1931 3810 2173 3891 posita,
2236 3821 2430 3892 atque
2492 3806 2654 3870 haec
2717 3828 2753 3868 a
2812 3807 2970 3871 viris
3032 3811 3294 3892 peritis,
3358 3825 3429 3874 et

1931 3929 2121 3973 eausa
2156 3909 2419 3995 quidem
2452 3908 2925 3993 chronologiae
2952 3910 3244 3996 inspecta
3274 3924 3428 3978 cou-

1931 4013 2263 4098 sultaque,
2297 4013 2506 4096 ”quod
2565 4005 2645 4075 ab
2705 4000 3194 4078 adcuratissimo
3237 4017 3430 4079 Nori·

1931 4116 2031 4178 sio
2076 4136 2206 4178 non
2253 4116 2459 4178 semel
2495 4113 2746 4179 factum
2790 4114 3109 4181 novimus.
3197 4104 3428 4182 Serius

1931 4238 2165 4303 magna
2205 4237 2353 4281 cum
2401 4216 2730 4303 voluptate
2776 4204 2950 4297 vidi,
2994 4218 3060 4279 iu
3104 4217 3234 4283 hoc
3274 4239 3428 4284 meo

1858 4548 1929 4622 b)
1974 4548 2197 4606 Gruter
2233 4569 2370 4627 pag.
2408 4558 2534 4614 247·
2572 4551 2626 4614 6·
2699 4547 2961 4607 Fabi-etti
3004 4550 3079 4611 de
3116 4552 3225 4613 col.
3263 4555 3424 4629 Trai.

330 4654 468 4715 pag.
510 4645 634 4707 293.
707 4633 978 4697 Vaillant
1014 4636 1079 4695 in
1116 4637 1327 4700 Colon.
1368 4658 1505 4720 pag.
1544 4650 1668 4707 150.
1742 4639 1996 4699 Pedrusi
2036 4640 2183 4701 Mus.
2222 4641 2401 4702 Farn.
2442 4640 2608 4699 Tom.
2648 4640 2750 4703 VI.
2788 4659 2924 4719 pag.
2964 4654 3090 4705 221·
3173 4649 3245 4719 c)
3283 4644 3423 4709 vol.

330 4726 405 4788 Π.
443 4723 580 4802 pn‘g·
617 4733 749 4789 373.

527 4819 704 4897 (701.
755 4819 969 4897 rm.)

2814 4822 3025 4887 Eee
