4388 5576
886 502 890 506 ’
961 491 2280 588 CONSTANTINOPOLI&
2349 496 2687 572 ROMA.
3277 521 3381 608 9⁵,

313 676 422 743 buo
453 690 826 754 uterentur3
871 699 1019 741 nam
1052 690 1319 742 auctore
1340 677 1603 740 Zosimo
1641 678 1772 759 pri-

317 797 434 842 mus
480 783 599 844 fuit
640 782 1017 858 Gratianus,
1097 782 1207 865 qui
1254 779 1578 862 pontilicis
1639 800 1768 843 ma-

319 881 448 950 nimi
485 906 718 949 nomeu
778 899 847 949 et
892 886 1182 948 habitum
1228 881 1355 944 sibi
1407 900 1529 963 pro
1577 898 1762 944 more

1886 677 2173 742 delatum
2203 680 2479 797 respuit.
2571 679 2704 743 Sed
2745 679 2827 742 de
2861 681 2990 746 hoe
3027 704 3372 767 argumen-

1839 794 1948 842 to
1993 802 2262 862 agemus
2313 782 2379 844 in
2416 795 2693 848 tractatu
2749 782 2831 847 de
2880 785 3197 852 Pontifice
3241 812 3371 854 ma-

1877 904 2081 948 ximo.

1581 1199 2079 1261 PRETIVM.

868 1377 1087 1460 ‘Aurei
1132 1407 1200 1459 et
1240 1393 1538 1479 argentei
1570 1439 1589 1458 .
1677 1436 1695 1453 .
1786 1438 1803 1455 .
1889 1439 1908 1458 .
1986 1417 1994 1422 ·
1994 1436 2533 1458 ......
2584 1397 2705 1463 R.

871 1495 1081 1566 Aenei
1110 1495 1492 1564 manumod.
1555 1541 1586 1562 .,
1865 1504 1893 1559 ’.
1982 1540 1999 1557 .
2087 1537 2107 1558 .
2189 1538 2209 1557 .
2293 1539 2314 1561 .
2402 1537 2422 1558 .
2506 1538 2535 1560 .
2611 1502 2754 1566 RB.

1487 1600 1740 1661 formae
1797 1640 2535 1664 ........
2623 1603 2697 1668 C.

875 1600 1091 1663 Aenei
1121 1602 1201 1666 11.
1236 1614 1301 1665 et
1334 1601 1441 1662 111.

1055 1915 1324 1978 cozvs
1343 1913 1891 1976 ΤΑΝΤιΝοΡ
1911 1891 2165 1971 oLJSL
2251 1913 2306 1972 a
2332 1913 2566 1973 OMA.

435 2106 774 2174 Occurrunt
817 2109 883 2171 in
929 2109 1173 2172 museis
1211 2108 1509 2171 omnibus
1560 2108 1762 2184 numi,

345 2208 426 2286 qui
450 2229 546 2272 seu
573 2217 1177 2293 Constantinopolis,
1226 2233 1341 2274 seu
1377 2217 1615 2274 Romae
1649 2232 1764 2294 noj-

344 2308 474 2371 mine
500 2312 955 2388 inscribuntur,
1001 2327 1068 2374 et
1103 2314 1588 2397 quiperitorum
1627 2334 1762 2374 om-

343 2409 477 2471 nium
502 2413 727 2493 judicio
759 2417 1121 2496 imperante
1147 2415 1567 2478 Constantino
1590 2460 1607 2488 ,
1652 2428 1761 2479 aut

345 2511 458 2574 filiis
480 2515 685 2599 signati
703 2518 1081 2590 creduntur,
1129 2516 1361 2597 quibus
1388 2516 1554 2578 adeo
1588 2505 1786 2579 οοιιιέ

345 2619 711 2682 memorandis
758 2619 977 2683 nullus
1021 2618 1183 2684 alius
1219 2618 1612 2685 locus,visus
1646 2638 1758 2700 op-

340 2721 632 2798 portunior.

560 2932 1454 3011 CONSTANTINOPOLIS.

421 3130 682 3194 Tandem
719 3131 916 3194 etiam
949 3133 1259 3205 Romam,
1304 3128 1534 3191 urbem
1579 3128 1757 3189 illam

319 3239 630 3311 aeternam,
694 3234 923 3316 ⁴longa
1010 3234 1419 3295 saeculorum
1511 3232 1759 3313 patien-

316 3329 383 3391 tia
427 3335 585 3398 inter
645 3347 746 3397 tot
805 3337 1109 3399 fortunae
1174 3335 1560 3416 plerumque
1603 3352 1756 3415 pro·

307 3450 501 3512 tperae
537 3436 716 3499 vices
758 3436 838 3499 ad
892 3437 1068 3500 orbis
1105 3436 1452 3518 imperium
1498 3437 1754 3497 enixam

253 3528 459 3599 ·'⁸uum
505 3540 722 3621 eoepit
766 3537 1009 3620 urgere
1056 3538 1296 3611 fatum,
1325 3552 1410 3600 ⁴et
1445 3556 1613 3621 ‘quae
1659 3539 1754 3598 in·

300 3632 369 3697 de
393 3661 425 3701 a
457 3640 776 3723 principio
809 3642 1059 3701 nullum
1096 3661 1211 3702 seu
1243 3638 1550 3722 populum
1572 3685 1590 3716 ‚
1638 3660 1754 3703 seu

301 3742 498 3821 regem
530 3758 873 3808 externum
904 3743 1232 3805 aemulum
1267 3741 1603 3816 sustinuit,
1648 3764 1754 3803 ur-

299 3833 423 3904 bem
467 3845 782 3908 aemulam
823 3845 992 3907 intra
1032 3866 1185 3907 suos
1225 3845 1427 3926 ipsius
1463 3844 1633 3903 {ines
1672 3846 1754 3903 si-

293 3942 408 4004 mul
472 3948 909 4032 designatam,
983 3947 1175 4009 simul
1250 3944 1750 4028 magnifieentia‚

291 4046 528 4129 opibus,
587 4048 1034 4132 magnitudine
1085 4048 1208 4109 sibi
1256 4052 1465 4132 paene
1520 4067 1751 4129 aequa-

278 4163 400 4212 tm
461 4154 822 4236 conspexit.
936 4156 1067 4215 Iam
1141 4149 1625 4222 Diocletianus,
1684 4160 1751 4209 et

271 4275 422 4340 qnos
487 4256 597 4317 hio
664 4253 792 4316 sibi
848 4251 1118 4317 adscivit
1185 4253 1533 4334 conlegas,
1595 4268 1785 4311 raro.

261 4356 488 4421 adesse
534 4358 603 4418 in
648 4356 856 4431 urbe,
931 4369 999 4419 et
1047 4373 1504 4438 quameunque
1557 4352 1746 4413 aliam

258 4476 500 4526 terram
559 4457 916 4542 metropoli
969 4457 1307 4539 praeferre
1368 4455 1528 4529 visi,
1609 4454 1744 4517 sive

251 4561 652 4649 quodfer-is
703 4560 865 4635 nati,
930 4574 1001 4621 et
1050 4559 1212 4620 foris
1265 4556 1344 4618 ad
1396 4556 1745 4639 imperium

247 4665 463 4732 vocati
536 4664 752 4729 omnia
823 4661 1055 4727 alienis
1131 4658 1504 4735 beneficiis,
1579 4656 1745 4718 nihil

243 4768 551 4856 privatin
615 4767 871 4828 Romae
946 4762 1277 4839 debuere,
1343 4760 1482 4827 sive
1546 4756 1740 4842 quod,

1881 2120 1951 2168 ut
1986 2126 2209 2167 rerum
2256 2107 2536 2169 omnium
2562 2153 2579 2184 ‚
2623 2106 2723 2170 ita·
2759 2109 2948 2173 etiam
2985 2132 3368 2199 magnorum

1880 2223 1947 2271 et
1981 2209 2334 2276 illustrium
2378 2211 2710 2272 nominum
2761 2214 3073 2296 quaedam
3123 2231 3224 2281 est
3272 2242 3369 2284 sa-

1879 2309 2116 2374 tietas..'
2174 2312 2430 2375 Eodem
2483 2328 2849 2397 correptus
2892 2317 3153 2383 fastidio
3200 2319 3372 2383 Con·

1878 2415 2225 2488 stantinus,
2302 2435 2451 2477 eum
2506 2416 2680 2476 inter
2735 2420 3043 2483 maximas
3091 2422 3368 2489 virtutes

1878 2516 2145 2596 ingenio
2208 2531 2384 2578 esset
2434 2514 2515 2577 ad
2580 2537 2690 2579 res
2732 2541 2969 2600 novas,
3026 2535 3093 2585 et
3139 2544 3369 2604 paran-

1875 2617 2021 2678 dam
2068 2618 2349 2684 nominis
2384 2618 2938 2684 immortalitatem
2985 2624 3365 2727 praecipite,

1874 2738 2019 2781 eum
2050 2719 2332 2800 primum
2375 2738 2609 2783 everso
2641 2723 2897 2787 Licinio
2949 2733 3171 2787 rerum
3199 2746 3366 2792 uuus
3395 2765 3403 2770 ·

1873 2822 2115 2906 potitus
2177 2833 2312 2897 est,
2389 2842 2596 2886 novae
2667 2828 2953 2891 Romae
2985 2829 3366 2894 condendae

1874 2920 2461 3003 adjecit'animum.
2565 2929 2757 3003 Enim
2807 2950 2965 2992 vero
3003 2952 3088 2994 ne
3132 2932 3184 2992 ii
3230 2934 3369 3017 qui-

1875 3024 2024 3086 dem
2048 3070 2064 3100 ‚
2112 3025 2223 3109 qui
2261 3046 2486 3089 omnes
2541 3029 2679 3108 ejus
2714 3051 2821 3092 res
2860 3045 3073 3114 gestas
3108 3034 3176 3096 in
3216 3056 3368 3100 eoe-

1874 3128 2008 3189 lum
2057 3129 2473 3205 extulerunt‚
2537 3129 2863 3207 habuere,
2920 3154 3056 3217 quo
3097 3150 3370 3221 possent

1874 3232 2217 3293 eonsilium
2279 3231 2453 3291 istud
2523 3235 2884 3295 eommunis
2956 3234 3114 3297 boni
3174 3258 3368 3303 causa

1871 3346 2243 3414 susceptum
2305 3331 2431 3393 sibi
2504 3333 2927 3412 persuadere.
3026 3338 3225 3401 Cum*
3252 3338 3366 3417 diu

1871 3456 2111 3516 anceps
2143 3446 2350 3508 esset,
2398 3434 2463 3491 in
2495 3434 2811 3512 Byzantio
2855 3433 3147 3499 adhaesit
3181 3438 3367 3501 deni-

1873 3558 2034 3621 que,
2098 3555 2288 3616 quam
2349 3534 2463 3595 ille
2528 3532 2756 3594 urbem
2819 3537 3154 3601 immensis
3215 3540 3366 3603 sub·

1873 3634 2372 3712 astructionibus,
2436 3636 2976 3724 ornamentisque·
3040 3659 3188 3703 eum
3247 3661 3366 3704 no.

1870 3743 1998 3819 vis,
2046 3755 2178 3802 tum
2216 3739 2459 3803 veteris
2492 3739 2739 3799 Romae
2773 3740 2997 3822 spoliis
3036 3742 3131 3805 sie
3170 3742 3362 3809 brevi

1866 3841 2268 3917 nobilitavit,
2314 3856 2419 3917 ut,
2464 3840 2586 3903 hac
2607 3863 2731 3903 una
2749 3841 3039 3925 dempta,
3070 3845 3362 3909 'aliarum

1865 3969 1989 4031 per
2024 3944 2373 4029 imperium
2416 3944 2713 4019 urbium,
2771 3944 3002 4027 quibus
3048 3948 3359 4013 ornandis

1868 4049 2123 4111 saecula
2180 4046 2371 4106 fuere
2422 4046 2749 4128 impensa,
2808 4048 2987 4109 nulla
3035 4048 3361 4115 illustrior
3418 4070 3421 4073 “

1867 4148 2520 4232 ιιιεςηίίὶοειιιίοῃψιο
2582 4147 2710 4228 jam
2772 4161 2908 4210 tum
2981 4150 3356 4220 baberetur.

1863 4252 2179 4314 Dedicata
2211 4262 2313 4312 est
2350 4247 2456 4310 die
2494 4251 2603 4312 11.
2645 4249 2802 4331 Maji
2834 4253 2912 4318 V.
2948 4252 3027 4314 C.
3076 4257 3234 4320 1083
3276 4257 3354 4317 Ρ.

1861 4358 1960 4416 X.
1981 4356 2143 4427 330,
2218 4366 2286 4413 et
2332 4372 2416 4413 ne
2462 4350 2775 4445 ambigua
2840 4365 3014 4413 esset
3069 4358 3354 4436 posteris

1863 4457 2019 4517 tanti
2054 4442 2405 4515 moliminis
2435 4454 2666 4534 gloria,
2706 4452 2789 4516 de
2822 4454 3165 4539 conditore
3186 4459 3356 4522 Con·

1864 4557 2311 4641 stantinopolis
2332 4555 2688 4639 appellata.

2409 4757 2618 4851 effi*
2739 4800 2781 4842 o
