4388 5576
1470 438 1497 458 S

930 477 1080 563 ³42»

935 645 1178 728 justum
1218 640 1739 724 experimentum
1773 638 1898 702 fuit
1929 641 2262 704 collatum.
2323 640 2435 703 Ait

938 748 1276 817 Diodorus
1325 742 1584 804 Siculus
1616 744 1706 825 ⁸),
1768 765 2023 806 morem
2067 743 2270 805 fuisse
2317 742 2433 803 mi.

936 850 1162 913 litibus
1205 844 1551 918 Romanis,
1615 858 1717 920 ut,
1777 845 1833 907 si
1895 846 2037 928 quis
2100 843 2430 907 exercitus

939 953 1070 1014 dux
1116 947 1372 1013 collatis
1415 945 1616 1027 signis
1659 967 1852 1028 supra
1906 967 2024 1009 sex
2069 947 2273 1007 millia
2318 947 2433 1008 ho·

939 1055 1134 1115 stium
1195 1049 1572 1125 cecidisset,
1649 1046 2010 1130 imperator
2071 1051 2434 1135 appellare·

919 1169 1064 1218 ‚tun
1154 1155 1481 1234 Appianas
1524 1170 1780 1233 quoque
1818 1151 1989 1212 hunc
2035 1149 2187 1211 olim
2228 1152 2434 1214 liono-

935 1277 1081 1319 rem
1119 1255 1372 1315 nonnisi
1408 1266 1551 1334 post
1586 1252 2136 1332 praeclarissimas
2177 1273 2285 1314 res
2324 1274 2435 1335 ge-

879 1348 883 1353 *
936 1371 1065 1421 stas
1115 1356 1314 1416 fuisse
1372 1357 1788 1436 impetratum
1838 1369 2057 1416 narrat
2104 1353 2210 1434 Ι3).
2275 1356 2428 1441 quin

938 1474 1006 1523 et
1046 1457 1254 1531 addit,
1302 1458 1487 1518 illum
1527 1469 1736 1519 aetate
1778 1476 1890 1517 sua
1924 1456 2183 1519 nonnisi
2223 1458 2429 1521 caesis

937 1562 1169 1625 decem
1228 1560 1511 1621 hostium
1571 1558 1858 1619 millibus
1913 1542 2115 1618 tribui
2159 1577 2466 1627 consue-⁷

933 1663 1145 1737 visse,
1191 1661 1306 1721 sed
1348 1658 1520 1741 quod
1559 1659 2006 1720 testimonium
2039 1660 2207 1723 infra
2242 1681 2432 1722 revo-

930 1750 1248 1827 cabimus.
1335 1765 1621 1832 Verum,
1703 1774 1773 1821 ut
1849 1760 1956 1837 fit,
2006 1774 2211 1845 ‚tanta
2291 1760 2428 1831 laus

935 1888 1243 1930 successu
1276 1865 1589 1947 temporis
1627 1856 2225 1944 coepitvilescere.
2267 1862 2429 1944 Ejus

934 1970 1125 2032 testis
1171 1966 1467 2050 locuples
1513 1964 1802 2036 Tullius,
1849 1964 1957 2048 qui
2011 1964 2238 2025 volens
2281 1983 2430 2047 per·

834 2107 841 2111 ·
936 2069 1217 2133 suadere
1268 2068 1553 2143 senatu-i,
1635 2080 1704 2126 ut
1754 2064 2217 2139 Octavianum,
2255 2063 2432 2125 'Hir-

937 2176 1133 2246 tium‚
1195 2185 1262 2231 et
1302 2166 1582 2232 Pansam
1623 2169 2056 2249 imperatores
2102 2164 2431 2251 appellan-

935 2272 1055 2335 dos
1112 2272 1536 2345 decerneret,
1600 2269 1773 2352 quod
1815 2266 2218 2350 praeclaram
2261 2265 2430 2350 apud

934 2366 1251 2437 Mutinam
1304 2371 1385 2432 de
1436 2373 1526 2431 M.
1582 2356 1868 2431 Antonio
1935 2362 2432 2432 victoriamre-

930 2472 1276 2551 .tulis'sent‚
1315 2473 1433 2533 hac
1469 2472 1670 2532 utitur
1706 2470 2001 2534 oratione
2036 2473 2128 2551 0)=
2173 2476 2433 2534 Etenim

935 2583 1046 2643 cui
1094 2581 1328 2658 viyinti
1370 2579 1469 2662 leis
1510 2578 1703 2635 annis
1745 2577 2128 2655 supplicatio
2175 2578 2430 2634 decreta

936 2692 1064 2755 est,
1100 2690 1174 2740 ut
1199 2700 1326 2739 non
1355 2682 1696 2754 imperator
1720 2679 2148 2753 appellaretur
2173 2684 2289 2735 aut
2313 2677 2448 2733 mi·-

936 2783 1132 2845 nimis
1164 2782 1348 2841 rebus
1374 2779 1605 2857 (senis,
1641 2785 1757 2837 aut
1777 2779 2151 2859 plerumque
2181 2776 2430 2836 nullis?

932 2885 1021 2945 Et
1058 2900 1207 2941 mox
1244 2877 1409 2937 infra
1443 2875 1540 2956 (¹):
1585 2879 1680 2937 At
1705 2880 1766 2936 si
1794 2877 1938 2958 qnia
1970 2879 2425 2955 Hispanorum,

933 2995 1052 3046 aut
1074 2985 1404 3046 Gallorum
1420 3024 1437 3054 ‚
1482 2988 1601 3040 aut.
1624 2982 1929 3039 Thracum
1954 2981 2130 3039 mille
2160 2988 2277 3038 aut
2300 2982 2425 3067 duo

932 3086 1145 3147 millia
1173 3085 1527 3155 occidisset,
1564 3101 1692 3141 non
1712 3099 1855 3140 eum
1884 3080 2004 3139 lzac
2025 3081 2427 3169 consuetudi·

932 3210 1044 3261 ne,
1081 3207 1248 3270 quae
1266 3185 1644 3255 increbruit,
1680 3184 2122 3270 imperatorem
2142 3182 2428 3258 appella·

935 3300 1032 3351 ret
1068 3286 1378 3349 senatus?
1420 3285 1518 3347 Ac
1552 3283 1724 3344 forte
1757 3301 1886 3342 non
1921 3280 2129 3342 multo
2162 3278 2426 3361 majoris

932 3389 1055 3451 fuit
1116 3388 1430 3449 momenti
1489 3385 1691 3469 ipsius
1750 3383 1953 3445 Tullii
2010 3382 2281 3445 victoria
2341 3381 2425 3443 de

931 3492 1166 3555 Amani
1229 3487 1598 3551 monticolis
1663 3497 1875 3568 parta,
1939 3504 2010 3545 ac
2075 3496 2427 3568 propterea

932 3593 1350 3677 imperatoris
1409 3589 1672 3650 nomine
1730 3585 2054 3662 decorati,
2117 3589 2239 3649 etsi
2297 3607 2472 3649 ma·-

935 3718 1133 3778 gnum
1186 3716 1219 3755 a
1273 3713 1343 3753 se
1393 3691 1679 3752 hostium
1732 3709 2081 3750 numerum
2143 3708 2425 3764 caesum,
2469 3706 2482 3719 ·

938 3795 1382 3859 et'victoriam
1422 3792 1649 3872 justam
1700 3791 1965 3853 relatam
2013 3790 2078 3849 in
2130 3791 2426 3873 epistolis

864 3963 869 3966 ,
938 3895 1072 3960 suis
1102 3899 1241 3981 ipse
1279 3894 1614 3978 scripserit
1646 3893 1724 3971 c).
1760 3890 1997 3987 ⁸Quam
2034 3892 2198 3954 levis
2228 3890 2429 3951 fuerit

939 4022 1162 4071 causa,
1210 3997 1294 4058 ob
1335 4016 1523 4079 quam
1564 3994 1629 4054 in
1674 3989 1852 4055 bello
1898 3992 2075 4053 civili
2114 3989 2427 4055 Africano

939 4103 1299 4185 imperator
1351 4098 1657 4160 salutatus
1715 4107 1815 4156 est
1859 4093 2091 4171 Curio,
2148 4092 2427 4175 ex'ipsa

939 4204 1234 4271 Caesaris
1323 4199 1689 4262 narratione
1775 4194 2113 4276 colligitur
2170 4193 2273 4280 s),
2359 4211 2426 4260 et

2202 459 2595 535 CAPVT
2659 462 2828 554 IILJ

2549 644 2843 730 Appiano
2919 642 3087 707 hanc
3162 641 3430 706 Curioni
3502 644 3850 708 vanitatem
3933 665 4044 708 ex·

2548 747 2899 834 probrante
2932 746 3020 827 a).
3105 745 3208 809 De
3247 745 3326 808 1..
3376 746 3617 809 Pisone
3666 747 3903 810 Cicero
3936 744 4039 829 ἢ).

2547 853 2908 931 appellatus
2953 858 3050 909 est
3082 850 3186 910 hic
3221 840 3539 912 vulturiba
3576 852 3759 912 illius
3783 854 4045 930 provin·

2545 955 2722 1027 ciac,
2770 946 3260 1030 (Macedoniae)
3304 953 3365 1009 ai
3389 954 3528 1013 diis
3555 955 3804 1029 placet,
3850 955 4045 1032 impe·

2548 1061 2743 1114 rator.
2806 1048 3130 1112 Nimirum
3168 1049 3232 1110 in
3274 1051 3445 1113 hunc
3482 1050 3806 1121 honorem
3840 1051 4047 1131 liceu-

2546 1151 2674 1211 tius
2723 1163 2825 1212 est
2872 1150 3268 1226 involutum,
3314 1140 3462 1234 q‘uia
3506 1152 3756 1214 avidius
3810 1151 4048 1215 ambiri

2547 1251 2800 1336 coepit,
2861 1251 3000 1316 sive
3051 1255 3345 1329 vanitatis
3395 1254 3716 1336 impulsu,
3779 1253 4054 1318 siveut'

2513 1346 2693 1439 splus
2753 1353 2819 1413 in
2869 1355 3097 1416 castris
3148 1352 3547 1418 auctorit-atis
3594 1354 3720 1415 sibi
3772 1353 4042 1417 accede·

2544 1468 2674 1520 ret.
2763 1445 3054 1529 Auctore
3124 1458 3343 1519 Dione
3395 1454 3442 1537 i)
3501 1458 3593 1520 Μ.
3656 1457 3900 1519 Brutus
3970 1455 4037 1518 in

2546 1557 2835 1618 Thracas
2871 1559 3113 1621 Bessos
3146 1558 3495 1644 profectus⁴
3519 1569 3654 1633 est,
3691 1570 3763 1619 ut
3796 1575 4041 1619 nomen

2544 1657 2668 1719 sibi
2717 1657 3232 1743 dignitatemque
3288 1659 3705 1741 imperatoris
3753 1673 4037 1742 pararet,

2545 1779 2674 1842 quo
2733 1759 2989 1823 facilius
3049 1776 3277 1824 contra
3322 1762 3668 1839 Caesarem
3726 1750 4037 1824 etA'nto·

2544 1862 2723 1921 nium
2769 1861 3019 1924 bellum
3067 1880 3308 1945 gerere
3354 1876 3596 1944 posset.
3643 1865 3715 1924 In
3759 1862 4040 1928 eandem-

2547 1965 2687 2044 ejus
2724 1963 2898 2026 tituli
2930 1967 3455 2027 communionem
3493 1965 3572 2027 ab
3611 1965 3908 2028 exercitu
3939 1986 4045 2030 re·
4131 2000 4154 2016 .

2547 2079 2809 2147 ceptum
2873 2067 3164 2130 Cassium
3231 2080 3452 2130 narrat
3509 2067 3901 2130 Plutarchus
3949 2066 4040 2149 k),

2546 2166 2652 2229 De
2725 2167 3003 2231 Metello
3074 2169 3383 2252 Scipione
3457 2169 3697 2232 Caesar
3741 2163 3826 2249 ¹):

2546 2275 2929 2349 temporibus
2955 2274 3178 2350 Scipio
3222 2275 3618 2355 detrimentis
3661 2275 3773 2355 qui
3777 2275 4039 2334 busdam

2544 2375 2721 2433 circa
2751 2385 3021 2435 montem
3041 2353 3361 2434 Amanum
3388 2376 3663 2452 acceptis
3686 2393 3823 2434 sese
3853 2375 4044 2451 impe·

2544 2455 2821 2534 ratorem
2848 2468 3302 2551 appella'nerat.
3346 2473 3660 2556 Atquejn
3689 2472 3816 2535 hoc
3845 2492 4040 2538 sensu

2544 2584 2675 2630 non
2753 2592 2996 2652 paucos
3079 2573 3374 2635 videmus
3456 2576 3626 2637 viros
3705 2570 4041 2636 Romanos

2545 2668 2612 2729 in
2669 2668 3054 2733 familiarum
3114 2675 3328 2736 numis
3389 2675 3822 2756 imperatores
3883 2674 4045 2738 dici.

2541 2771 2788 2840 Victo*
2833 2772 2915 2833 ad
2991 2775 3304 2838 Mutinam
3400 2775 3681 2836 Antonio
3761 2775 4041 2853 Hirtius,

2542 2873 2787 2949 Pansa,
2834 2886 2901 2935 et
2946 2874 3341 2941 Octavianus
3386 2903 3421 2941 a
3467 2876 3781 2940 militibus
3828 2893 3896 2943 et
3938 2898 4042 2942 se·

2541 2988 2697 3037 natu
2741 2975 3173 3057 imperatores
3221 2995 3368 3042 sunt
3414 2980 3718 3066 appellati
3764 2982 3867 3072 nt).
3950 2981 4043 3043 Et

2542 3089 2764 3138 narrat
2811 3080 3048 3141 Cicero
3079 3083 3176 3160 ¹¹),
3239 3103 3309 3144 se
3361 3082 3693 3144 referente
3744 3082 3820 3140 L.
3872 3082 4040 3144 Tor-

2544 3193 2807 3260 quatum
2850 3179 3101 3262 magnis
3141 3181 3207 3241 in
3254 3183 3639 3247 Macedonia
3686 3182 3883 3244 rebus
3923 3202 4036 3265 ge·

2543 3280 2659 3341 stis
2705 3279 3041 3345 absentem
3087 3282 3330 3346 dictum
3370 3306 3513 3347 csse
3548 3288 4032 3368 imperatorem·

2540 3382 2824 3464 'Videtur
2869 3384 3111 3446 circum
3159 3399 3457 3466 tempora
3504 3389 3799 3449 exeuntis
3844 3385 4036 3468 reip„

2543 3481 2897 3568 multisque
2943 3499 3079 3547 tum
3136 3486 3336 3562 rebus
3391 3486 3714 3551 violenter
3759 3502 3825 3552 et
3868 3488 4037 3552 arbi-

2542 3585 2743 3647 trarie
2801 3589 2959 3649 actis
3015 3608 3144 3650 non
3206 3589 3535 3652 obstitisse
3592 3604 3919 3663 senatum,
3978 3591 4036 3653 si

2544 3687 2687 3770 quis
2734 3707 2815 3750 ex
2861 3710 3051 3752 causa
3110 3689 3301 3753 etiam
3354 3679 3484 3753 non
3530 3692 3694 3772 justa
3738 3700 3772 3754 a
3820 3691 4035 3754 militi·

2540 3788 2664 3850 bus
2707 3787 2772 3850 in
2817 3791 2959 3852 acie
3018 3793 3376 3873 appellatus
3436 3807 3607 3855 esset
3651 3795 4032 3876 imperator,

2543 3903 2607 3951 at
2650 3890 2906 3972 signum
2942 3893 3281 3973 approbati
3318 3894 3458 3975 ejus
3496 3918 3530 3957 a
3565 3910 3791 3957 senatu
3826 3897 4033 3959 hono·

2543 3993 2633 4054 ris
2678 3992 2913 4066 fuisse,
2961 3985 3216 4076 quando
3274 3994 3327 4055 is
3386 4011 3655 4081 accepto
3718 3995 4031 4060 victoriae

2541 4094 2780 4157 nuncio
2804 4094 3340 4178 supplicationem
3370 4095 3684 4164 decrevit.
3711 4099 3879 4168 Vide
3900 4100 4033 4163 huc

2539 4197 2938 4287 pertinentia
3002 4196 3173 4279 apud
3242 4198 3631 4264 Ciceronem
3703 4202 3916 4284 ipsum
3949 4203 4032 4284 ⁰).

1010 4379 1074 4449 a)
1111 4396 1181 4434 ex
1217 4375 1282 4432 L.
1319 4372 1592 4431 XXXVI.
1631 4368 1816 4449 eclog.
1853 4380 1907 4434 3.

937 4492 991 4617 Σ.
1028 4475 1246 4621 “2:5.526.
1445 4557 1507 4630 g)
1545 4551 1689 4611 Bell.
1731 4552 1840 4612 civ.
1874 4571 1926 4611 c.
1962 4558 2056 4614 lm.

934 4652 1120 4706 Bruto
1160 4666 1211 4707 c.
1249 4652 1342 4709 34.
1560 4640 1607 4713 l)
1645 4640 1791 4699 Bell.
1832 4641 1944 4700 civ.
1984 4639 2049 4700 L.
2091 4638 2193 4697 111.
2236 4658 2269 4695 c
2324 4649 2413 4701 31.
2451 4685 2464 4695 .

940 4759 997 4828 c.
1037 4750 1119 4810 ¹9·

2068 4366 2139 4442 b)
2178 4364 2326 4425 Bell.
2367 4367 2481 4425 civ.
2521 4366 2587 4421 L.
2625 4365 2698 4422 11.
2739 4385 2788 4423 c.
2825 4373 2921 4426 44.

1375 4467 1438 4527 e)
1475 4461 1555 4520 ad
1592 4461 1765 4520 Attic.
1804 4461 1872 4517 L.
1909 4458 1986 4522 V.
2025 4477 2119 4534 ep.
2157 4469 2264 4528 20,
2302 4454 2382 4515 ad
2418 4453 2627 4513 Famil.
2665 4455 2732 4514 L.
2769 4454 2844 4513 ΙΙ.
2885 4474 2977 4533 ep.
3018 4469 3109 4516 10.

2258 4546 2323 4621 h)
2363 4548 2423 4604 in
2462 4548 2656 4606 Pison.
2698 4566 2748 4603 c.
2791 4547 2882 4609 16.

3079 4370 3137 4436 c)
3172 4365 3325 4424 Phil.
3368 4368 3524 4426 xtv.
3568 4387 3619 4424 c.
3654 4376 3709 4429 4.
3875 4372 3943 4444 d)
3986 4372 4032 4435 l.

3305 4456 3475 4529 D·de
3512 4458 3662 4519 Bell.
3701 4461 3815 4519 civ.
3853 4459 3918 4520 L.
3952 4463 4028 4521 11.

3039 4546 3085 4617 i)
3125 4545 3188 4602 L.
3229 4546 3472 4609 XLVII.
3513 4553 3564 4623 §.
3606 4559 3696 4611 25.
3861 4553 3921 4622 k)
3964 4553 4030 4611 iu

2614 4637 2706 4710 m)
2735 4634 2849 4694 Dio
2886 4635 2949 4695 L.
2987 4637 3196 4697 XLVI.
3238 4642 3289 4710 §-
3328 4648 3416 4702 38.
3623 4644 3686 4716 n)
3730 4640 3791 4697 iu
3828 4642 4024 4702 Pison-

1320 4733 1383 4804 ο)
1426 4729 1593 4791 Orat..
1618 4731 1708 4791 fle
1748 4731 2016 4810 provinc.
2057 4726 2284 4789 consul.
2325 4748 2374 4787 c.
2414 4729 2451 4793 6
2487 4737 2544 4784 et
2580 4742 2633 4794 7.

3917 2173 4041 2231 Hie
4103 2220 4106 2221 γ
