4388 5576
1188 550 1309 685 3.ῐῆ
1510 631 1521 638 ·
2136 603 2654 677 NOTITIA
2697 601 3348 675 LITERARIA

1189 797 1355 862 ater*
1406 774 1731 852 consiliis
1790 770 2007 846 liberi
2059 771 2370 846 Baronis
2406 772 2497 847 de
2549 770 2968 863 Locella,
3015 770 3232 846 amici
3270 771 3422 861 sui,
3476 771 3685 872 cujus
3743 771 3911 846 infra
3948 773 4149 845 mentio

1190 912 1532 990 facienda
1580 912 1760 996 crit,
1817 930 1999 977 usus·
2046 926 2189 980 est.

1386 1044 1719 1117 Tandem
1759 1042 1851 1115 ab
1881 1044 2019 1111 An.
2050 1059 2233 1134 1792
2257 1065 2491 1136 usque
2517 1037 2766 1113 ad‘An.
2798 1057 3014 1141 1298,
3068 1040 3152 1111 in·
3180 1039 3418 1116 lucem
3453 1041 3650 1115 edita
3687 1057 3794 1114 est
3828 1054 3973 1114 octo
4003 1041 4147 1112 volu-

1184 1180 1503 1261 minibus
1540 1176 2070 1273 comprehensa
2101 1174 2542 1247 Doctrina
2575 1201 3027 1249 numerum
3069 1175 3137 1271 ³)
3159 1227 3186 1263 ,
3235 1201 3383 1274 qua
3411 1176 3795 1250 condenda
3835 1191 4047 1248 auctor
4063 1201 4150 1246 no·

1179 1332 1375 1402 ster,
1416 1330 1499 1384 ut
1535 1336 1751 1407 supra
1792 1310 2221 1396 retulimus,
2272 1312 2415 1406 jam
2454 1306 2785 1404 pluribus
2828 1311 3097 1399 abhinc
3133 1309 3344 1382 annis
3393 1327 3790 1408 occupatus
3835 1308 4051 1381 fuerat.
4096 1310 4151 1378 ln

1178 1450 1419 1523 numia
1453 1445 1856 1531 anecdotis,
1893 1469 2112 1540 porro
2155 1445 2230 1514 in
2271 1442 2556 1541 sylloge
2580 1458 2654 1513 et
2694 1443 2770 1513 in
2795 1445 3132 1543 catalogo
3149 1443 3361 1516 edito
3381 1443 3667 1517 Eckhel
3690 1461 3979 1543 systema
4007 1466 4150 1516 suum

1180 1566 1663 1683 quidemjam.
1693 1579 2145 1665 exhibuerat,
2187 1594 2300 1649 ast
2342 1577 2669 1647 nondum
2701 1601 3004 1650 omnem.
3035 1606 3190 1674 rem
3218 1578 3616 1672 namatium
3645 1579 3735 1652 ad
3774 1579 3903 1651 hoc
3925 1593 4152 1679 systema

1175 1716 1610 1814 redegerat3
1674 1712 1876 1810 quod
1922 1737 2108 1809 opus
2155 1711 2476 1808 ingentis
2524 1708 2667 1781 fuit
2714 1708 3008 1816 laboris.
3068 1714 3503 1813 Complures
3545 1712 3851 1812 quidem
3876 1710 4150 1785 Archaeo-

1177 1850 1330 1950 logi
1369 1848 1583 1923 antea
1628 1851 1771 1948 jam
1817 1848 1920 1920 de⁴
1956 1845 2363 1918 condenda.
2389 1844 2704 1916 historia
2738 1845 3069 1942 generali
3096 1871 3488 1920 numorum
3530 1847 4031 1944 cogitaverant,
4068 1839 4151 1913 sed

1174 1986 1286 2059 rei
1340 1984 1781 2058 difficultate
1834 1979 2202 2055 absterriti
2247 1977 2409 2051 fere
2462 2003 2505 2050 a
2556 1978 2708 2052 suis
2754 1978 3083 2051 consiliis
3133 1979 3587 2053 destiterant.
3664 1980 3980 2052 Rasehe
4012 1974 4147 2050 solus

1173 2145 1333 2194 rem
1378 2119 1473 2191 ad
1508 2106 1735 2190 'finem
1777 2112 2116 2213 perduxit
2132 2139 2157 2205 3
2208 2136 2456 2184 verum
2499 2112 2901 2227 ejus-opus
2928 2162 2954 2200 ,
3014 2112 3499 2211 infatigabilis
3545 2114 3935 2212 patientiae
3983 2108 4164 2204 magis,

1175 2279 1395 2351 quam
1436 2249 1841 2325 solertioris
1882 2245 2283 2319 industriae
2333 2262 2929 2333 monumentum,
2982 2243 3289 2319 formam
3343 2246 3872 2336 lexicihabet,
3917 2244 4158 2339 adeoque

1171 2385 1358 2459 nihil
1407 2385 1699 2457 confert
1765 2382 1859 2454 ad
1919 2396 2315 2479 praecepta
2375 2378 2733 2453 scientiae
2786 2379 3341 2457 numismaticae
3403 2383 3850 2477 statuenda3
3881 2392 4158 2480 praeterea

1174 2518 1547 2592 erroribus
1593 2534 1670 2590 et
1715 2515 1921 2589 tricis
1958 2514 2315 2587 refertum
2364 2529 2503 2585 est.

1368 2652 1554 2729 Cum
1590 2649 2107 2756 philosophica
2145 2647 2450 2741 indoles
2480 2644 2742 2719 eadem'
2773 2647 3062 2722 ratione
3102 2647 3494 2747 procedat,
3550 2651 3972 2750 cuicumque
4001 2645 4156 2720 scien·

1171 2787 1317 2864 tiae
1358 2784 1828 2871 adhibeatur,
1879 2781 2162 2855 Eclthel
2202 2798 2458 2853 noster
2504 2757 2776 2854 eodem
2821 2781 3081 2871 modo,
3135 2809 3287 2882 quo
3318 2784 3650 2858 Linneus
3693 2804 3985 2887 systema
4016 2794 4153 2854 natu·

1169 2937 1338 3007 rae,
1390 2915 1724 2991 condidit
1769 2915 2114 3013 gencrale
2160 2928 2373 2987 suum
2417 2940 2807 2988 munorum
2858 2933 3216 3017 systema,
3267 2919 3481 3018 cujus
3525 2918 3875 3019 analysim
3915 2912 4153 3018 superius

1169 3054 1318 3152 jam
1352 3051 1838 3149 exposuimus.
1892 3051 2180 3148 Nempe
2218 3047 2309 3120 in
2338 3048 2576 3147 capite
2611 3049 2860 3147 operis
2898 3050 3538 3151 singulariumque
3559 3054 3898 3127 classium
3942 3043 4155 3150 praemi·

1171 3187 1267 3261 sit
1312 3184 1879 3285 propositiones
1914 3181 2414 3273 universales,
2468 3208 2660 3281 quae
2716 3184 3018 3282 regulas
3071 3184 3556 3285 principales,
3605 3185 4160 3261 nomenclaturam,

1168 3320 1854 3394 determinationem
1895 3317 2398 3391 characterum
2440 3315 2991 3417 primariorum,
3041 3307 3488 3392 literaturam
3532 3337 3610 3394 et
3654 3323 3968 3396 criticam
4000 3314 4157 3390 scien·

1165 3456 1312 3528 tiae
1372 3451 1923 3528 numismaticae
1965 3451 2602 3552 complectuntur,
2650 3474 2741 3524 ac
2782 3450 3325 3548 quodammodo
3372 3453 3845 3555 philosophia
3882 3449 4160 3526 numisma·

1169 3592 1317 3663 tica
1359 3589 1717 3689 appellari
1756 3604 1980 3687 atque
2023 3585 2546 3687 philosophiae
2587 3584 2979 3660 botanicae
3024 3587 3294 3661 Linnei
3341 3593 3761 3688 comparari
3798 3601 4079 3691 possunt.

1360 3722 1645 3798 Eclthel
1684 3721 1762 3793 in
1799 3739 2122 3821 systema
2166 3746 2379 3793 suum
2421 3716 2578 3791 no'n
2624 3719 3006 3794 univer-sos
3044 3745 3349 3810 numos,
3400 3741 3778 3823 quotquot
3817 3745 4035 3799 eorum
4064 3708 4160 3785 noti

1167 3857 1358 3943 sint,
1413 3857 1546 3929 sed
1591 3880 1719 3928 eos
1758 3871 2079 3942 tantum,
2131 3852 2264 3952 qui
2307 3852 2551 3927 notari
2588 3872 3053 3944 mereantur,
3103 3855 3411 3956 recepit.
3464 3856 3704 3930 Simul
3745 3858 4032 3930 indicem
4049 3869 4158 3946 ope·

1168 4015 1333 4062 rum
1374 3987 1648 4087 adJocit
1670 4038 1702 4074 ,-
1744 3987 1833 4058 in
1865 3986 2134 4085 quibus
2171 3985 2443 4086 singuli
2485 3989 2693 4060 numi
2734 3988 3009 4091 optime
3059 3990 3600 4087 repraesentati
3645 4010 3726 4067 et
3766 3984 4069 4087 descripti
4098 4002 4160 4048 ΥΘ·

1173 4122 1604 4222 periuntur;
1655 4120 1836 4220 ipsis
1878 4146 2064 4230 vero·
2104 4119 2724 4221 descriptionibus
2761 4122 2910 4198 suis
2945 4123 3144 4198 haud
3183 4149 3353 4199 raro
3385 4124 3808 4200 uberiorem
3842 4112 4164 4224 explicatio·

1166 4282 1336 4330 nem
1359 4257 1739 4350 adnexuit,
1778 4256 1893 4332 vel
1926 4256 2423 4357 geographiae
2460 4276 2540 4331 et
2576 4256 3142 4358 chronologiae,
3190 4262 3307 4334 vel
3352 4262 3855 4363 mythologiae
3890 4260 4170 4340 historiae·

1170 4418 1343 4491 que,
1383 4390 1615 4465 literis
1668 4414 1744 4469 et
1776 4394 2053 4471 artibus
2092 4418 2292 4467 nova
2319 4391 2607 4473 lumina
2629 4395 3108 4470 adferentem.
3149 4397 3759 4498 Unumquodque
3786 4418 3958 4474 octo
3980 4399 4163 4472 docui·

1133 4554 1314 4602 uae
1360 4554 1536 4602 suae
1572 4531 2021 4605 voluminum
2047 4530 2440 4630 ‚indicibus
2482 4528 2742 4630 amplis
2786 4549 2863 4605 et
2898 4529 3469 4606 adcuratissimis
3527 4527 3902 4624 instruxit,
3951 4549 4165 4633 quarum

1158 4687 1316 4763 ,ope
1364 4663 1829 4763 investigatio
1869 4666 2331 4740 materiarum
2374 4691 2824 4765 magnopere
2862 4665 3278 4741 facilitatur.

1248 4971 1308 5042 a>
1349 4967 1631 5027 Doctrina
1663 4987 1973 5028 numorum
2001 4978 2282 5027 veterum.
2320 4967 2713 5031 vindobonae
2749 4980 3145 5052 1792—1798.
3185 4971 3419 5038 Volum.
3446 4973 3605 5035 Vm.
3629 4974 3688 5034 in
3713 4983 3824 5041 4²⁰.
