4388 5576
1192 600 1300 664 20

2389 581 3168 657 ADDENDA

2020 1288 3420 1424 ‘ADDENDA

2677 1550 2820 1608 AD

1330 1726 2563 1845 voLvMEN

2758 1710 4093 1814 SECVNDVM

1598 2380 1676 2443 P.
1704 2378 1808 2441 25.
1854 2379 1977 2439 col.
2010 2399 2065 2442 1.
2103 2380 2224 2444 lin.
2247 2390 2325 2463 7:

1201 2440 1542 2544 Alterum
1585 2477 1759 2542 hunc
1802 2478 2301 2544 Diadumeniani
2347 2500 2614 2544 numum
2640 2503 2695 2544 -a

1138 2592 1141 2595 ’
1198 2579 1486 2643 Sestinio
1529 2581 1864 2663 vulgatum
1910 2602 2071 2666 opus
2118 2604 2264 2647 esse
2319 2583 2694 2668 impostoris

1202 2681 1447 2745 Osman
1482 2683 1648 2763 Bey,
1689 2682 1913 2746 docuit
1947 2705 2053 2747 me
2085 2686 2523 2769 Cousineryus
2557 2687 2697 2769 ejus

1201 2805 1371 2847 nunc
1403 2795 1764 2867 possessor.

1829 2972 1902 3030 P.
1932 2985 2036 3051 27.

1327 3086 1693 3169 Procopius
1767 3087 2074 3171 Byzantis
2122 3070 2498 3154 'conditoris
2564 3109 2693 3152 ma-

1202 3202 1375 3252 trem
1422 3190 1807 3251 Ceroessam
1860 3204 2068 3254 vocat.
2134 3191 2251 3274 (de
2283 3191 2498 3256 Aedis.
2536 3195 2691 3254 lust.

1197 3292 1277 3351 L.
1320 3294 1366 3353 1.
1405 3312 1463 3354 c.
1497 3292 1591 3373 5.)
1636 3291 1808 3359 Vide
1849 3291 2040 3378 plura
2077 3293 2248 3376 apud
2293 3292 2693 3375 Hesychium

1196 3393 1566 3470 Milesium,
1624 3393 1740 3476 (de
1787 3394 1927 3459 reb.
1972 3409 2137 3479 patr.
2170 3395 2695 3480 Constantinop.)

1201 3494 1319 3556 sed
1351 3495 1463 3579 qui
1494 3495 1743 3559 fabulas
1773 3511 2017 3560 tantum
2050 3508 2291 3561 narrat.

1474 3683 1550 3746 Ρ.
1578 3681 1679 3743 28.
1722 3684 1846 3743 col.
1881 3703 1935 3747 ι.
1971 3693 2125 3765 post
2160 3681 2282 3745 lc‘n.
2317 3703 2414 3742 ιι.

1325 3798 1551 3861 Lunae
1590 3799 1656 3859 in
1691 3801 2154 3881 Byzantiorum
2188 3801 2402 3864 numis
2439 3800 2693 3880 conspib

1192 3917 1361 3959 cuae
1409 3919 1664 3962 causam
1694 3924 1828 3964 non
1863 3904 2075 3979 attuli,
2116 3903 2263 3988 quia
2296 3923 2555 3965 omnem
2595 3902 2692 3985 ig-

1197 3999 1449 4065 noravi.
1491 4002 1657 4064 Eam
1691 4017 1909 4065 tamen
1949 4004 2199 4086 reperit
2227 4004 2687 4080 Pinkertonus„

1110 4143 1135 4196 »ὗ
1196 4101 1507 4165 nimirum
1575 4124 1723 4167 cum
1767 4105 2109 4189 Philippus
2160 4105 2439 4169 Macedo
2494 4118 2688 4167 nocte

1186 4205 1517 4268 ‘concubia
1571 4206 1920 4292 repentino
1987 4207 2253 4269 incursu
2312 4227 2688 4290 expugnare

1198 4307 1585 4387 Byzantium
1624 4322 1940 4381 tentaret,
1995 4309 2378 4391 explicatam
2415 4321 2687 4396 repente

1200 4429 1284 4469 ex
1310 4408 1588 4472 nubibus
1631 4411 1849 4474 lunam
1893 4411 2248 4494 splendore
2294 4431 2411 4473 suo
2440 4409 2691 4471 ,adven-

1196 4524 1442 4574 tantem
1494 4512 1749 4575 hostem
1802 4512 2060 4575 ¹civibus
2111 4511 2499 4595 prodidisse.
2559 4493 2736 4574 Ad-7

1199 4610 1324 4687 dit,
1359 4615 1611 4676 Turcos
1644 4614 1844 4698 longo
1877 4628 2025 4696 post
2053 4627 2351 4695 tempore
2373 4615 2690 4676 Constan-

1198 4713 1476 4796 tinopoli
1513 4714 1790 4797 potitos,
1845 4736 1994 4791 cum
2032 4716 2227 4778 lunae
2273 4716 2530 4800 signum
2566 4737 2690 4802 per

1199 4815 1420 4897 plures
1462 4814 1641 4878 urbis
1683 4818 1864 4883 vicos
1908 4819 2316 4903 propositum
2359 4818 2687 4896 viderent,

2808 2377 3293 2462 crederemque
3346 2376 3673 2461 magicam
3723 2377 3822 2439 ini
3871 2376 3979 2442 vim
4025 2376 4178 2437 inesse·

2808 2478 2927 2542 illo
2958 2478 3270 2563 deinceps
3303 2481 3506 2542 instar
3540 2479 3821 2562 insignis
3859 2478 3944 2540 uti
3969 2477 4174 2557 coepisse.

2812 2582 3049 2664 (Essay
3079 2603 3166 2644 on
3197 2581 3540 2649 med.Vol.
3571 2584 3626 2646 1.
3660 2603 3731 2665 p.
3760 2586 3922 2663 ιφ.)
3959 2582 4094 2641 Haec
4110 2595 4181 2634 om·

2810 2682 2917 2745 nia
2955 2704 3084 2767 quo
3132 2698 3399 2746 auctore
3450 2684 3793 2767 acceperit
3830 2682 3925 2747 vir
3967 2676 4180 2741 eruditus,

2800 2786 2964 2848 mihi
3016 2785 3519 2871 incompertum.
3580 2786 4044 2849 causam-vero
4074 2777 4183 2840 etiam

2746 2899 2750 2903 ’
2804 2888 3131 2952 adamatae
3185 2911 3221 2951 a
3271 2887 3508 2950 'I'urcis
3556 2886 3764 2949 lunae
3807 2877 4185 2950 valdeoesein·

2791 3002 3085 3064 certam,
3137 3002 3205 3052 et
3241 3009 3326 3050 ne
3367 2989 3466 3050 his
3499 2987 3661 3072 ipsis
3700 2987 3959 3074 quidem
4004 2983 4188 3047 satisn-

2807 3091 3086 3173 gaham,
3123 3089 3419 3153 adfirmat
3453 3092 3538 3156 ol.
3560 3091 3975 3165 Todefinns,
4010 3079 4188 3170 quiph·

2806 3191 2987 3253 ribus
3062 3192 3244 3254 annis
3299 3192 3875 3277 Constantinopoli
3918 3190 4112 3271 degens
4144 3181 4191 3237 i&

2808 3293 3032 3357 stituto
3072 3293 3303 3357 sedulo
3340 3295 3637 3357 examine
3674 3295 3850 3356 nibil
3881 3290 4030 3357 certi
4050 3280 4194 3348 intem·

2810 3416 2971 3479 gere
3005 3395 3234 3478 potuit.
3272 3394 3388 3477 (de
3423 3396 3670 3468 litet-at.
3710 3399 3914 3459 Ture.
3943 3415 4000 3478 p.
4021 3383 4195 3459 m.253-)

2808 3500 2898 3572 Ii,
2955 3496 3065 3580 qui
3109 3497 3433 3572 scribunt,
3481 3501 3710 3580 legem
3763 3497 3891 3560 sibi
3936 3515 4009 3558 ex
4045 3482 4200 3575 prae&

2806 3598 2952 3681 puis
3004 3619 3197 3660 unam
3255 3619 3400 3660 esse
3447 3598 3832 3681 impositam
3885 3597 4091 3659 debent
4126 3587 4198 3648 en

2808 3701 3102 3776 ethnan-e,
3137 3713 3234 3774 ut,
3266 3720 3414 3762 cum
3443 3699 3812 3783 singularia
3827 3699 4045 3779 mobis,
4073 3707 4204 3771 neque

2807 3801 3169 3864 communis
3226 3822 3337 3864 res
3396 3799 3668 3864 notitiae
3720 3815 4020 3876 narrant,
4069 3796 4201 3857 fontes

2802 3902 2992 3967 nobis
3041 3923 3193 3965 suos
3232 3923 3317 3965 ne
3363 3902 3742 3981 invideant,
3800 3918 3914 3967 aut
3951 3903 4208 3974 ferantpss·

2802 4004 3078 4083 flenter,
3146 4005 3203 4067 si
3246 4003 3444 4067 fidem
3483 4019 3596 4069 aut
3639 4005 4108 4090 suspendimus,
4149 4002 4207 4054 ³⁸³

2803 4108 2995 4192 plane
3049 4107 3464 4191 abnegamus.
3527 4107 3659 4170 Sed
3706 4122 3785 4172 et
3838 4121 4068 4193 gratam
4099 4096 4212 4161 nobis

2802 4230 2948 4273 rem
2984 4209 3286 4286 fecisset,
3329 4210 3386 4271 si
3417 4222 3762 4272 auctorem
3801 4210 4126 4273 laudasset,
4151 4193 4214 4282 qui

2806 4309 3131 4373 sinistram
3159 4309 3467 4393 Philippo
3498 4312 3908 4393 Byzantium
3945 4319 4220 4394 oppugnffl‘

2806 4409 2858 4471 ti
2921 4410 3142 4472 lunam
3208 4410 3543 4476 docuerat.
3628 4412 3952 4478 Illustres
4015 4395 4219 4474 ffisxoxiess

2803 4512 3045 4575 factum
3090 4511 3263 4574 istud
3303 4513 3627 4597 ignorant.
3714 4518 3969 4579 Narrat
4009 4507 4224 4575 lustinms

2805 4614 3107 4678 omissam
3150 4639 3187 4678 a
3228 4615 3591 4679 Macedone
3638 4614 4100 4684 obsidionem,
4139 4599 4226 4690 qu'u

2802 4715 2868 4777 in
2904 4716 3172 4800 Scythas
3207 4716 3567 4780 exercitum
3604 4717 3840 4794 duxit,
3880 4714 4103 4802 (13.Ιί
4120 4711 4229 4770 c-Ll

2802 4818 3168 4896 Diodorus,
3216 4820 3324 4899 (L.
3357 4819 3524 4883 XVI.
3554 4839 3607 4882 c.
3630 4820 3782 4901 77.)
3826 4834 3898 4883 et
3927 4809 4233 4881 Demosthe
