<?xml version="1.0" encoding="UTF-8"?>
<!DOCTYPE html PUBLIC "-//W3C//DTD XHTML 1.0 Transitional//EN"
    "http://www.w3.org/TR/xhtml1/DTD/xhtml1-transitional.dtd">
<html xmlns="http://www.w3.org/1999/xhtml" xml:lang="en" lang="en">
 <head>
  <title>
</title>
<meta http-equiv="Content-Type" content="text/html;charset=utf-8" />
  <meta name='ocr-system' content='tesseract 3.04.00' />
  <meta name='ocr-capabilities' content='ocr_page ocr_carea ocr_par ocr_line ocrx_word'/>
</head>
<body>
  <div class='ocr_page' id='page_1' title='image "./doctrinanumorum04hohlgoog/doctrinanumorum04hohlgoog_0438.png"; bbox 0 0 4388 5576; ppageno 0'>
   <div class='ocr_carea' id='block_1_1' title="bbox 858 4687 1203 4761">
    <p class='ocr_par' dir='ltr' id='par_1_1' title="bbox 858 4687 1203 4761">
     <span class='ocr_line' id='line_1_1' title="bbox 858 4687 1203 4761; baseline 0.012 -16"><span class='ocrx_word' id='word_1_1' title='bbox 858 4689 886 4700; x_wconf 62' lang='lat'><strong>⁹</strong></span> <span class='ocrx_word' id='word_1_2' title='bbox 963 4689 1040 4761; x_wconf 81' lang='lat' dir='ltr'><strong>e)</strong></span> <span class='ocrx_word' id='word_1_3' title='bbox 1077 4687 1118 4748; x_wconf 85' lang='lat' dir='ltr'><strong>l.</strong></span> <span class='ocrx_word' id='word_1_4' title='bbox 1151 4708 1203 4750; x_wconf 87' lang='lat' dir='ltr'><strong>c.</strong></span> 
     </span>
    </p>
   </div>
   <div class='ocr_carea' id='block_1_2' title="bbox 1002 428 1151 499">
    <p class='ocr_par' dir='ltr' id='par_1_2' title="bbox 1002 428 1151 499">
     <span class='ocr_line' id='line_1_2' title="bbox 1002 428 1151 499; baseline -0.04 -1"><span class='ocrx_word' id='word_1_5' title='bbox 1002 428 1151 499; x_wconf 63' lang='lat'><strong>‘1418</strong></span> 
     </span>
    </p>
   </div>
   <div class='ocr_carea' id='block_1_3' title="bbox 992 593 2500 781">
    <p class='ocr_par' dir='ltr' id='par_1_3' title="bbox 992 593 2500 781">
     <span class='ocr_line' id='line_1_3' title="bbox 1002 593 2500 680; baseline 0.008 -30"><span class='ocrx_word' id='word_1_6' title='bbox 1002 593 1142 658; x_wconf 73' lang='lat' dir='ltr'><strong>lino</strong></span> <span class='ocrx_word' id='word_1_7' title='bbox 1191 593 1562 680; x_wconf 85' lang='lat' dir='ltr'><strong>conspirant</strong></span> <span class='ocrx_word' id='word_1_8' title='bbox 1596 595 1867 678; x_wconf 84' lang='lat' dir='ltr'><strong>&#39;quoque</strong></span> <span class='ocrx_word' id='word_1_9' title='bbox 1914 593 2090 657; x_wconf 87' lang='lat' dir='ltr'><strong>numi</strong></span> <span class='ocrx_word' id='word_1_10' title='bbox 2124 598 2274 660; x_wconf 88' lang='lat' dir='ltr'><strong>anni</strong></span> <span class='ocrx_word' id='word_1_11' title='bbox 2312 602 2390 666; x_wconf 84' lang='lat' dir='ltr'><strong>V.</strong></span> <span class='ocrx_word' id='word_1_12' title='bbox 2429 600 2500 662; x_wconf 93' lang='lat' dir='ltr'><strong>C.</strong></span> 
     </span>
     <span class='ocr_line' id='line_1_4' title="bbox 992 696 2500 781; baseline 0.004 -23"><span class='ocrx_word' id='word_1_13' title='bbox 992 696 1174 781; x_wconf 78' lang='grc'><em>930,</em></span> <span class='ocrx_word' id='word_1_14' title='bbox 1220 715 1498 778; x_wconf 88' lang='lat' dir='ltr'><strong>quorum</strong></span> <span class='ocrx_word' id='word_1_15' title='bbox 1543 696 1654 758; x_wconf 89' lang='lat' dir='ltr'><strong>alii</strong></span> <span class='ocrx_word' id='word_1_16' title='bbox 1700 717 1843 759; x_wconf 90' lang='lat' dir='ltr'><strong>cum</strong></span> <span class='ocrx_word' id='word_1_17' title='bbox 1883 697 2320 762; x_wconf 75' lang='lat' dir='ltr'><strong>inscribantur</strong></span> <span class='ocrx_word' id='word_1_18' title='bbox 2356 701 2500 764; x_wconf 76' lang='grc' dir='ltr'><strong>ΤΒ.</strong></span> 
     </span>
    </p>
   </div>
   <div class='ocr_carea' id='block_1_4' title="bbox 998 796 2502 878">
    <p class='ocr_par' dir='ltr' id='par_1_4' title="bbox 998 796 2502 878">
     <span class='ocr_line' id='line_1_5' title="bbox 998 796 2502 878; baseline 0.004 -21"><span class='ocrx_word' id='word_1_19' title='bbox 998 798 1118 874; x_wconf 85' lang='grc' dir='ltr'><strong>Ρ.,</strong></span> <span class='ocrx_word' id='word_1_20' title='bbox 1184 796 1293 860; x_wconf 89' lang='lat' dir='ltr'><strong>alii</strong></span> <span class='ocrx_word' id='word_1_21' title='bbox 1354 800 1493 859; x_wconf 79' lang='grc' dir='ltr'><strong>ΤΒ.</strong></span> <span class='ocrx_word' id='word_1_22' title='bbox 1540 797 1610 859; x_wconf 88' lang='grc' dir='ltr'><strong>Ρ.</strong></span> <span class='ocrx_word' id='word_1_23' title='bbox 1658 800 1775 872; x_wconf 90' lang='lat'><strong>11.‚</strong></span> <span class='ocrx_word' id='word_1_24' title='bbox 1838 798 2125 863; x_wconf 89' lang='lat' dir='ltr'><strong>indicare</strong></span> <span class='ocrx_word' id='word_1_25' title='bbox 2175 801 2502 878; x_wconf 76' lang='lat' dir='ltr'><strong>videntur,</strong></span> 
     </span>
    </p>
   </div>
   <div class='ocr_carea' id='block_1_5' title="bbox 916 898 2503 4431">
    <p class='ocr_par' dir='ltr' id='par_1_5' title="bbox 998 898 2503 1072">
     <span class='ocr_line' id='line_1_6' title="bbox 998 898 2503 994; baseline 0.006 -33"><span class='ocrx_word' id='word_1_26' title='bbox 998 899 1373 962; x_wconf 83' lang='lat' dir='ltr'><strong>Commodo</strong></span> <span class='ocrx_word' id='word_1_27' title='bbox 1431 898 1597 961; x_wconf 87' lang='lat' dir='ltr'><strong>hanc</strong></span> <span class='ocrx_word' id='word_1_28' title='bbox 1654 913 2044 983; x_wconf 85' lang='lat' dir='ltr'><strong>potestatem</strong></span> <span class='ocrx_word' id='word_1_29' title='bbox 2103 924 2271 965; x_wconf 88' lang='lat' dir='ltr'><strong>anno</strong></span> <span class='ocrx_word' id='word_1_30' title='bbox 2307 925 2503 994; x_wconf 72' lang='lat' dir='ltr'><strong>prae-</strong></span> 
     </span>
     <span class='ocr_line' id='line_1_7' title="bbox 998 1000 1803 1072; baseline -0.002 -8"><span class='ocrx_word' id='word_1_31' title='bbox 998 1001 1286 1064; x_wconf 78' lang='lat' dir='ltr'><strong>cedente</strong></span> <span class='ocrx_word' id='word_1_32' title='bbox 1332 1000 1631 1062; x_wconf 80' lang='lat' dir='ltr'><strong>delatam.</strong></span> <span class='ocrx_word' id='word_1_33' title='bbox 1802 1069 1803 1072; x_wconf 8' lang='grc' dir='ltr'><strong>Ἴ</strong></span> 
     </span>
    </p>

    <p class='ocr_par' dir='ltr' id='par_1_6' title="bbox 916 1102 2500 4431">
     <span class='ocr_line' id='line_1_8' title="bbox 1130 1102 2499 1193; baseline 0.007 -30"><span class='ocrx_word' id='word_1_34' title='bbox 1130 1102 1679 1186; x_wconf 76' lang='lat' dir='ltr'><strong>Praecipiendum</strong></span> <span class='ocrx_word' id='word_1_35' title='bbox 1725 1103 1995 1193; x_wconf 52' lang='lat' dir='ltr'><strong>adhuc„</strong></span> <span class='ocrx_word' id='word_1_36' title='bbox 2035 1120 2288 1185; x_wconf 87' lang='lat' dir='ltr'><strong>certum</strong></span> <span class='ocrx_word' id='word_1_37' title='bbox 2331 1128 2499 1186; x_wconf 89' lang='lat' dir='ltr'><strong>esse,</strong></span> 
     </span>
     <span class='ocr_line' id='line_1_9' title="bbox 1005 1205 2502 1295; baseline 0.002 -26"><span class='ocrx_word' id='word_1_38' title='bbox 1005 1228 1042 1269; x_wconf 82' lang='lat' dir='ltr'><strong>a</strong></span> <span class='ocrx_word' id='word_1_39' title='bbox 1086 1206 1452 1269; x_wconf 89' lang='lat' dir='ltr'><strong>Commodo</strong></span> <span class='ocrx_word' id='word_1_40' title='bbox 1507 1205 1730 1267; x_wconf 89' lang='lat' dir='ltr'><strong>initam</strong></span> <span class='ocrx_word' id='word_1_41' title='bbox 1774 1208 1977 1290; x_wconf 85' lang='lat' dir='ltr'>ipsam</span> <span class='ocrx_word' id='word_1_42' title='bbox 2022 1209 2171 1270; x_wconf 87' lang='lat' dir='ltr'><strong>trib.</strong></span> <span class='ocrx_word' id='word_1_43' title='bbox 2216 1223 2502 1295; x_wconf 88' lang='lat' dir='ltr'><strong>potesta·</strong></span> 
     </span>
     <span class='ocr_line' id='line_1_10' title="bbox 1004 1307 2500 1376; baseline 0.003 -6"><span class='ocrx_word' id='word_1_44' title='bbox 1004 1319 1141 1370; x_wconf 84' lang='lat' dir='ltr'><strong>tem</strong></span> <span class='ocrx_word' id='word_1_45' title='bbox 1183 1309 1419 1376; x_wconf 83' lang='lat' dir='ltr'><strong>XVIII.</strong></span> <span class='ocrx_word' id='word_1_46' title='bbox 1507 1307 1688 1371; x_wconf 81' lang='lat' dir='ltr'>Istud</span> <span class='ocrx_word' id='word_1_47' title='bbox 1731 1323 1980 1370; x_wconf 88' lang='lat' dir='ltr'><strong>certum</strong></span> <span class='ocrx_word' id='word_1_48' title='bbox 2028 1324 2127 1372; x_wconf 91' lang='lat' dir='ltr'><strong>est</strong></span> <span class='ocrx_word' id='word_1_49' title='bbox 2164 1313 2219 1375; x_wconf 91' lang='lat'><strong>1.</strong></span> <span class='ocrx_word' id='word_1_50' title='bbox 2259 1332 2340 1373; x_wconf 89' lang='lat' dir='ltr'><strong>ex</strong></span> <span class='ocrx_word' id='word_1_51' title='bbox 2383 1333 2500 1374; x_wconf 88' lang='lat' dir='ltr'><strong>nu·</strong></span> 
     </span>
     <span class='ocr_line' id='line_1_11' title="bbox 1001 1408 2497 1496; baseline 0.003 -24"><span class='ocrx_word' id='word_1_52' title='bbox 1001 1410 1156 1485; x_wconf 85' lang='lat' dir='ltr'><strong>mis,</strong></span> <span class='ocrx_word' id='word_1_53' title='bbox 1221 1430 1383 1492; x_wconf 89' lang='lat' dir='ltr'><strong>quos</strong></span> <span class='ocrx_word' id='word_1_54' title='bbox 1422 1408 1490 1471; x_wconf 88' lang='lat' dir='ltr'><strong>in</strong></span> <span class='ocrx_word' id='word_1_55' title='bbox 1526 1411 1868 1474; x_wconf 83' lang='lat' dir='ltr'>Commodi</span> <span class='ocrx_word' id='word_1_56' title='bbox 1910 1428 2173 1477; x_wconf 88' lang='lat' dir='ltr'><strong>moneta</strong></span> <span class='ocrx_word' id='word_1_57' title='bbox 2201 1413 2288 1496; x_wconf 14' lang='lat' dir='ltr'><strong>rad</strong></span> <span class='ocrx_word' id='word_1_58' title='bbox 2325 1413 2497 1478; x_wconf 86' lang='lat' dir='ltr'><strong>hunc</strong></span> 
     </span>
     <span class='ocr_line' id='line_1_12' title="bbox 997 1513 2499 1598; baseline 0.001 -21"><span class='ocrx_word' id='word_1_59' title='bbox 997 1513 1397 1577; x_wconf 86' lang='lat' dir='ltr'><strong>tribunatum</strong></span> <span class='ocrx_word' id='word_1_60' title='bbox 1452 1532 1680 1575; x_wconf 88' lang='lat' dir='ltr'><strong>omnes</strong></span> <span class='ocrx_word' id='word_1_61' title='bbox 1733 1513 2023 1578; x_wconf 81' lang='lat' dir='ltr'><strong>studiose</strong></span> <span class='ocrx_word' id='word_1_62' title='bbox 2085 1515 2367 1598; x_wconf 81' lang='lat' dir='ltr'><strong>collegi,</strong></span> <span class='ocrx_word' id='word_1_63' title='bbox 2430 1529 2499 1578; x_wconf 87' lang='lat' dir='ltr'><strong>et</strong></span> 
     </span>
     <span class='ocr_line' id='line_1_13' title="bbox 997 1614 2496 1701; baseline -0.001 -22"><span class='ocrx_word' id='word_1_64' title='bbox 997 1614 1231 1679; x_wconf 82' lang='lat' dir='ltr'><strong>additis</strong></span> <span class='ocrx_word' id='word_1_65' title='bbox 1273 1614 1549 1677; x_wconf 83' lang='lat' dir='ltr'><strong>testibus</strong></span> <span class='ocrx_word' id='word_1_66' title='bbox 1596 1616 1901 1680; x_wconf 88' lang='lat' dir='ltr'><strong>adcurate</strong></span> <span class='ocrx_word' id='word_1_67' title='bbox 1948 1617 2300 1701; x_wconf 77' lang='lat' dir='ltr'><strong>descripsi,</strong></span> <span class='ocrx_word' id='word_1_68' title='bbox 2360 1616 2496 1700; x_wconf 88' lang='lat' dir='ltr'><strong>qui-</strong></span> 
     </span>
     <span class='ocr_line' id='line_1_14' title="bbox 1000 1704 2496 1803; baseline 0.001 -24"><span class='ocrx_word' id='word_1_69' title='bbox 1000 1738 1130 1802; x_wconf 82' lang='lat' dir='ltr'><strong>que</strong></span> <span class='ocrx_word' id='word_1_70' title='bbox 1171 1736 1398 1780; x_wconf 90' lang='lat' dir='ltr'><strong>omnes</strong></span> <span class='ocrx_word' id='word_1_71' title='bbox 1437 1720 1602 1780; x_wconf 87' lang='lat' dir='ltr'><strong>hanc</strong></span> <span class='ocrx_word' id='word_1_72' title='bbox 1640 1704 1916 1782; x_wconf 87' lang='lat' dir='ltr'><strong>numero</strong></span> <span class='ocrx_word' id='word_1_73' title='bbox 1959 1734 2348 1803; x_wconf 88' lang='lat' dir='ltr'><strong>potestatem</strong></span> <span class='ocrx_word' id='word_1_74' title='bbox 2385 1738 2496 1780; x_wconf 89' lang='lat' dir='ltr'><strong>ex-</strong></span> 
     </span>
     <span class='ocr_line' id='line_1_15' title="bbox 996 1805 2496 1904; baseline 0.001 -25"><span class='ocrx_word' id='word_1_75' title='bbox 996 1818 1252 1882; x_wconf 75' lang='lat' dir='ltr'><strong>hibent.</strong></span> <span class='ocrx_word' id='word_1_76' title='bbox 1298 1823 1380 1884; x_wconf 91' lang='lat'><strong>11.</strong></span> <span class='ocrx_word' id='word_1_77' title='bbox 1431 1820 1695 1881; x_wconf 86' lang='lat' dir='ltr'><strong>Certum</strong></span> <span class='ocrx_word' id='word_1_78' title='bbox 1735 1840 1815 1882; x_wconf 84' lang='lat' dir='ltr'><strong>ex</strong></span> <span class='ocrx_word' id='word_1_79' title='bbox 1853 1823 2321 1904; x_wconf 76' lang='lat' dir='ltr'><strong>epigrammate</strong></span> <span class='ocrx_word' id='word_1_80' title='bbox 2364 1805 2496 1883; x_wconf 84' lang='lat' dir='ltr'><strong>non</strong></span> 
     </span>
     <span class='ocr_line' id='line_1_16' title="bbox 999 1920 2498 2007; baseline 0.001 -25"><span class='ocrx_word' id='word_1_81' title='bbox 999 1920 1236 1983; x_wconf 81' lang='lat' dir='ltr'><strong>dubiae</strong></span> <span class='ocrx_word' id='word_1_82' title='bbox 1281 1921 1517 1985; x_wconf 86' lang='lat' dir='ltr'><strong>iterum</strong></span> <span class='ocrx_word' id='word_1_83' title='bbox 1566 1923 1997 1999; x_wconf 80' lang='lat' dir='ltr'><strong>auctoritatis,</strong></span> <span class='ocrx_word' id='word_1_84' title='bbox 2058 1925 2234 2007; x_wconf 89' lang='lat' dir='ltr'><strong>quod</strong></span> <span class='ocrx_word' id='word_1_85' title='bbox 2292 1924 2498 1985; x_wconf 86' lang='lat' dir='ltr'><strong>inser·</strong></span> 
     </span>
     <span class='ocr_line' id='line_1_17' title="bbox 940 2021 2493 2108; baseline 0.001 -23"><span class='ocrx_word' id='word_1_86' title='bbox 940 2103 945 2108; x_wconf 16' lang='grc' dir='ltr'><strong><em>ι</em></strong></span> <span class='ocrx_word' id='word_1_87' title='bbox 995 2038 1138 2087; x_wconf 86' lang='lat' dir='ltr'><strong>tum</strong></span> <span class='ocrx_word' id='word_1_88' title='bbox 1194 2025 1355 2087; x_wconf 91' lang='lat' dir='ltr'><strong>moli</strong></span> <span class='ocrx_word' id='word_1_89' title='bbox 1410 2021 1757 2098; x_wconf 89' lang='lat' dir='ltr'><strong>Hadriani,</strong></span> <span class='ocrx_word' id='word_1_90' title='bbox 1823 2037 1890 2085; x_wconf 91' lang='lat' dir='ltr'><strong>et</strong></span> <span class='ocrx_word' id='word_1_91' title='bbox 1946 2026 2070 2107; x_wconf 87' lang='lat' dir='ltr'><strong>ipsi</strong></span> <span class='ocrx_word' id='word_1_92' title='bbox 2128 2026 2493 2103; x_wconf 86' lang='lat' dir='ltr'><strong>Commodi,</strong></span> 
     </span>
     <span class='ocr_line' id='line_1_18' title="bbox 993 2123 2497 2207; baseline 0.003 -20"><span class='ocrx_word' id='word_1_93' title='bbox 993 2123 1066 2187; x_wconf 82' lang='lat' dir='ltr'><strong>ut</strong></span> <span class='ocrx_word' id='word_1_94' title='bbox 1104 2124 1431 2201; x_wconf 87' lang='lat' dir='ltr'><strong>creditur,</strong></span> <span class='ocrx_word' id='word_1_95' title='bbox 1477 2125 1828 2207; x_wconf 86' lang='lat' dir='ltr'><strong>sepulchro</strong></span> <span class='ocrx_word' id='word_1_96' title='bbox 1861 2125 1952 2192; x_wconf 89' lang='lat' dir='ltr'><strong>sic</strong></span> <span class='ocrx_word' id='word_1_97' title='bbox 1990 2127 2157 2190; x_wconf 89' lang='lat' dir='ltr'><strong>binis</strong></span> <span class='ocrx_word' id='word_1_98' title='bbox 2183 2130 2357 2191; x_wconf 80' lang='lat' dir='ltr'><strong>locis</strong></span> <span class='ocrx_word' id='word_1_99' title='bbox 2393 2149 2497 2192; x_wconf 89' lang='lat' dir='ltr'><strong>re·</strong></span> 
     </span>
     <span class='ocr_line' id='line_1_19' title="bbox 995 2226 2493 2309; baseline 0.004 -20"><span class='ocrx_word' id='word_1_100' title='bbox 995 2226 1231 2289; x_wconf 84' lang='lat' dir='ltr'><strong>citatur</strong></span> <span class='ocrx_word' id='word_1_101' title='bbox 1282 2249 1318 2288; x_wconf 92' lang='lat' dir='ltr'><strong>a</strong></span> <span class='ocrx_word' id='word_1_102' title='bbox 1370 2226 1655 2290; x_wconf 88' lang='lat' dir='ltr'><strong>Grutero</strong></span> <span class='ocrx_word' id='word_1_103' title='bbox 1690 2229 1780 2309; x_wconf 73' lang='lat'><strong>²):</strong></span> <span class='ocrx_word' id='word_1_104' title='bbox 1867 2234 1942 2293; x_wconf 88' lang='lat' dir='ltr'><strong>L.</strong></span> <span class='ocrx_word' id='word_1_105' title='bbox 1986 2233 2177 2293; x_wconf 76' lang='lat' dir='ltr'><strong>Aelio</strong></span> <span class='ocrx_word' id='word_1_106' title='bbox 2222 2237 2493 2296; x_wconf 81' lang='lat' dir='ltr'><strong>Aurelio</strong></span> 
     </span>
     <span class='ocr_line' id='line_1_20' title="bbox 995 2323 2494 2413; baseline 0.006 -24"><span class='ocrx_word' id='word_1_107' title='bbox 995 2323 1335 2406; x_wconf 64' lang='lat' dir='ltr'><strong>‘Commodo</strong></span> <span class='ocrx_word' id='word_1_108' title='bbox 1380 2333 1670 2408; x_wconf 73' lang='lat' dir='ltr'><strong>Auqmto</strong></span> <span class='ocrx_word' id='word_1_109' title='bbox 1732 2364 1816 2377; x_wconf 89' lang='lat'><strong>—-</strong></span> <span class='ocrx_word' id='word_1_110' title='bbox 1871 2364 1956 2375; x_wconf 92' lang='lat'>—</span> <span class='ocrx_word' id='word_1_111' title='bbox 2012 2365 2099 2376; x_wconf 89' lang='lat'>—</span> <span class='ocrx_word' id='word_1_112' title='bbox 2155 2337 2300 2394; x_wconf 74' lang='lat' dir='ltr'><strong>trib.</strong></span> <span class='ocrx_word' id='word_1_113' title='bbox 2358 2347 2494 2413; x_wconf 86' lang='lat' dir='ltr'><strong>pot.</strong></span> 
     </span>
     <span class='ocr_line' id='line_1_21' title="bbox 996 2432 2491 2509; baseline 0.005 -19"><span class='ocrx_word' id='word_1_114' title='bbox 996 2432 1248 2492; x_wconf 86' lang='lat' dir='ltr'><em>XVIII.</em></span> <span class='ocrx_word' id='word_1_115' title='bbox 1283 2433 1573 2509; x_wconf 78' lang='lat' dir='ltr'><strong>imperat.</strong></span> <span class='ocrx_word' id='word_1_116' title='bbox 1618 2435 1797 2495; x_wconf 86' lang='lat' dir='ltr'><em>VIII.</em></span> <span class='ocrx_word' id='word_1_117' title='bbox 1833 2438 2085 2496; x_wconf 73' lang='lat' dir='ltr'><strong>consuli·</strong></span> <span class='ocrx_word' id='word_1_118' title='bbox 2123 2438 2270 2498; x_wconf 84' lang='lat' dir='ltr'><strong>VII.</strong></span> <span class='ocrx_word' id='word_1_119' title='bbox 2306 2440 2379 2498; x_wconf 93' lang='lat' dir='ltr'><strong>P.</strong></span> <span class='ocrx_word' id='word_1_120' title='bbox 2418 2441 2491 2498; x_wconf 91' lang='lat' dir='ltr'><strong>P.</strong></span> 
     </span>
     <span class='ocr_line' id='line_1_22' title="bbox 993 2528 2495 2617; baseline 0.005 -27"><span class='ocrx_word' id='word_1_121' title='bbox 993 2528 1180 2592; x_wconf 85' lang='lat' dir='ltr'><strong>Idem</strong></span> <span class='ocrx_word' id='word_1_122' title='bbox 1228 2530 1589 2594; x_wconf 83' lang='lat' dir='ltr'><strong>tribunatus</strong></span> <span class='ocrx_word' id='word_1_123' title='bbox 1633 2533 1877 2615; x_wconf 86' lang='lat' dir='ltr'><strong>legitur</strong></span> <span class='ocrx_word' id='word_1_124' title='bbox 1914 2535 1981 2593; x_wconf 90' lang='lat' dir='ltr'><strong>in</strong></span> <span class='ocrx_word' id='word_1_125' title='bbox 2022 2532 2241 2617; x_wconf 88' lang='lat' dir='ltr'><strong>lapide</strong></span> <span class='ocrx_word' id='word_1_126' title='bbox 2279 2537 2495 2598; x_wconf 63' lang='grc' dir='ltr'>Μυῖα·-</span> 
     </span>
     <span class='ocr_line' id='line_1_23' title="bbox 992 2630 2494 2719; baseline 0.005 -25"><span class='ocrx_word' id='word_1_127' title='bbox 992 2632 1148 2694; x_wconf 80' lang='lat' dir='ltr'><strong>torii</strong></span> <span class='ocrx_word' id='word_1_128' title='bbox 1180 2630 1269 2713; x_wconf 84' lang='lat' dir='ltr'><strong>b).</strong></span> <span class='ocrx_word' id='word_1_129' title='bbox 1339 2634 1644 2714; x_wconf 86' lang='lat' dir='ltr'><strong>Denique</strong></span> <span class='ocrx_word' id='word_1_130' title='bbox 1682 2635 1792 2698; x_wconf 89' lang='lat'><strong>111.</strong></span> <span class='ocrx_word' id='word_1_131' title='bbox 1831 2635 1960 2697; x_wconf 92' lang='lat' dir='ltr'><strong>Dio</strong></span> <span class='ocrx_word' id='word_1_132' title='bbox 2000 2656 2296 2719; x_wconf 89' lang='lat' dir='ltr'><strong>quoque,</strong></span> <span class='ocrx_word' id='word_1_133' title='bbox 2343 2659 2494 2701; x_wconf 86' lang='lat' dir='ltr'><strong>cum</strong></span> 
     </span>
     <span class='ocr_line' id='line_1_24' title="bbox 992 2732 2490 2819; baseline 0.007 -25"><span class='ocrx_word' id='word_1_134' title='bbox 992 2732 1219 2796; x_wconf 81' lang='lat' dir='ltr'><strong>literas</strong></span> <span class='ocrx_word' id='word_1_135' title='bbox 1282 2753 1316 2794; x_wconf 76' lang='lat' dir='ltr'><strong>a</strong></span> <span class='ocrx_word' id='word_1_136' title='bbox 1379 2734 1742 2797; x_wconf 83' lang='lat' dir='ltr'><strong>Commodo</strong></span> <span class='ocrx_word' id='word_1_137' title='bbox 1806 2734 1886 2799; x_wconf 86' lang='lat' dir='ltr'><strong>ad</strong></span> <span class='ocrx_word' id='word_1_138' title='bbox 1928 2751 2242 2819; x_wconf 69' lang='lat' dir='ltr'><strong>&#39;senatum</strong></span> <span class='ocrx_word' id='word_1_139' title='bbox 2314 2740 2490 2815; x_wconf 79' lang='lat' dir='ltr'><strong>datas</strong></span> 
     </span>
     <span class='ocr_line' id='line_1_25' title="bbox 993 2835 2492 2921; baseline 0.004 -24"><span class='ocrx_word' id='word_1_140' title='bbox 993 2847 1499 2910; x_wconf 85' lang='lat' dir='ltr'><strong>commemorat,</strong></span> <span class='ocrx_word' id='word_1_141' title='bbox 1548 2835 1645 2896; x_wconf 86' lang='lat' dir='ltr'><strong>his</strong></span> <span class='ocrx_word' id='word_1_142' title='bbox 1696 2856 1842 2897; x_wconf 90' lang='lat' dir='ltr'><strong>eum</strong></span> <span class='ocrx_word' id='word_1_143' title='bbox 1895 2853 2159 2921; x_wconf 87' lang='lat' dir='ltr'><strong>praeter</strong></span> <span class='ocrx_word' id='word_1_144' title='bbox 2208 2842 2368 2906; x_wconf 87' lang='lat' dir='ltr'><strong>alios</strong></span> <span class='ocrx_word' id='word_1_145' title='bbox 2415 2843 2492 2904; x_wconf 92' lang='lat' dir='ltr'><strong>ti-</strong></span> 
     </span>
     <span class='ocr_line' id='line_1_26' title="bbox 980 2936 2487 3029; baseline 0.005 -30"><span class='ocrx_word' id='word_1_146' title='bbox 980 2938 1145 2999; x_wconf 69' lang='lat' dir='ltr'><strong>tulis</strong></span> <span class='ocrx_word' id='word_1_147' title='bbox 1184 2958 1369 3000; x_wconf 90' lang='lat' dir='ltr'><strong>usum</strong></span> <span class='ocrx_word' id='word_1_148' title='bbox 1410 2936 1654 3000; x_wconf 80' lang='lat' dir='ltr'><strong>refert.</strong></span> <span class='ocrx_word' id='word_1_149' title='bbox 1703 2944 1848 3001; x_wconf 67' lang='lat' dir='ltr'><strong>11·sz</strong></span> <span class='ocrx_word' id='word_1_150' title='bbox 1878 2951 2012 3019; x_wconf 84' lang='lat' dir='ltr'><strong>pot.</strong></span> <span class='ocrx_word' id='word_1_151' title='bbox 2047 2947 2298 3029; x_wconf 67' lang='lat' dir='ltr'><strong>XVJIJ.</strong></span> <span class='ocrx_word' id='word_1_152' title='bbox 2340 2949 2487 3026; x_wconf 72' lang='lat' dir='ltr'><strong>imp.</strong></span> 
     </span>
     <span class='ocr_line' id='line_1_27' title="bbox 1000 3040 2486 3145; baseline 0.005 -43"><span class='ocrx_word' id='word_1_153' title='bbox 1000 3043 1182 3102; x_wconf 84' lang='lat' dir='ltr'><em>VIII.</em></span> <span class='ocrx_word' id='word_1_154' title='bbox 1228 3060 1354 3101; x_wconf 81' lang='lat' dir='ltr'><strong>cos.</strong></span> <span class='ocrx_word' id='word_1_155' title='bbox 1416 3043 1560 3100; x_wconf 87' lang='lat' dir='ltr'><strong>VII.</strong></span> <span class='ocrx_word' id='word_1_156' title='bbox 1613 3046 1686 3145; x_wconf 88' lang='grc' dir='ltr'><strong>Ρ.</strong></span> <span class='ocrx_word' id='word_1_157' title='bbox 1735 3046 1808 3104; x_wconf 90' lang='grc' dir='ltr'><strong>Ρ.</strong></span> <span class='ocrx_word' id='word_1_158' title='bbox 1853 3044 1912 3123; x_wconf 86' lang='lat' dir='ltr'><strong>c)</strong></span> <span class='ocrx_word' id='word_1_159' title='bbox 1998 3041 2132 3135; x_wconf 78' lang='lat' dir='ltr'><strong>Qui</strong></span> <span class='ocrx_word' id='word_1_160' title='bbox 2180 3040 2301 3105; x_wconf 79' lang='lat' dir='ltr'><strong>sibi</strong></span> <span class='ocrx_word' id='word_1_161' title='bbox 2346 3041 2486 3129; x_wconf 79' lang='lat' dir='ltr'><strong>ipse</strong></span> 
     </span>
     <span class='ocr_line' id='line_1_28' title="bbox 988 3136 2487 3233; baseline 0.007 -34"><span class='ocrx_word' id='word_1_162' title='bbox 988 3139 1142 3200; x_wconf 82' lang='lat' dir='ltr'><strong>trib.</strong></span> <span class='ocrx_word' id='word_1_163' title='bbox 1202 3153 1592 3233; x_wconf 85' lang='lat' dir='ltr'><strong>potestatem</strong></span> <span class='ocrx_word' id='word_1_164' title='bbox 1657 3142 1904 3215; x_wconf 83' lang='lat' dir='ltr'><strong>xv111.</strong></span> <span class='ocrx_word' id='word_1_165' title='bbox 1952 3136 2220 3221; x_wconf 81' lang='lat' dir='ltr'><strong>tribuit,</strong></span> <span class='ocrx_word' id='word_1_166' title='bbox 2306 3148 2487 3209; x_wconf 82' lang='lat' dir='ltr'><strong>illam</strong></span> 
     </span>
     <span class='ocr_line' id='line_1_29' title="bbox 991 3241 2488 3317; baseline 0.003 -9"><span class='ocrx_word' id='word_1_167' title='bbox 991 3259 1175 3307; x_wconf 88' lang='lat' dir='ltr'><strong>certe</strong></span> <span class='ocrx_word' id='word_1_168' title='bbox 1208 3244 1431 3317; x_wconf 85' lang='lat' dir='ltr'><strong>inivit,</strong></span> <span class='ocrx_word' id='word_1_169' title='bbox 1481 3258 1549 3305; x_wconf 91' lang='lat' dir='ltr'><strong>ut</strong></span> <span class='ocrx_word' id='word_1_170' title='bbox 1594 3241 1760 3305; x_wconf 81' lang='lat' dir='ltr'><strong>ad&#39;eo</strong></span> <span class='ocrx_word' id='word_1_171' title='bbox 1804 3245 2045 3307; x_wconf 81' lang='lat' dir='ltr'><strong>frustra</strong></span> <span class='ocrx_word' id='word_1_172' title='bbox 2092 3249 2174 3309; x_wconf 85' lang='lat' dir='ltr'><strong>sit</strong></span> <span class='ocrx_word' id='word_1_173' title='bbox 2199 3250 2488 3312; x_wconf 81' lang='lat' dir='ltr'><strong>Hardui·</strong></span> 
     </span>
     <span class='ocr_line' id='line_1_30' title="bbox 987 3346 2489 3430; baseline 0.003 -20"><span class='ocrx_word' id='word_1_174' title='bbox 987 3369 1146 3423; x_wconf 79' lang='lat' dir='ltr'><strong>nus,</strong></span> <span class='ocrx_word' id='word_1_175' title='bbox 1195 3346 1309 3430; x_wconf 88' lang='lat' dir='ltr'><strong>qui</strong></span> <span class='ocrx_word' id='word_1_176' title='bbox 1336 3366 1567 3407; x_wconf 84' lang='lat' dir='ltr'><strong>numos</strong></span> <span class='ocrx_word' id='word_1_177' title='bbox 1599 3366 1681 3407; x_wconf 84' lang='lat' dir='ltr'><strong>ex</strong></span> <span class='ocrx_word' id='word_1_178' title='bbox 1711 3367 1866 3408; x_wconf 90' lang='lat' dir='ltr'><strong>aere</strong></span> <span class='ocrx_word' id='word_1_179' title='bbox 1897 3350 2172 3411; x_wconf 84' lang='lat' dir='ltr'><strong>maximo</strong></span> <span class='ocrx_word' id='word_1_180' title='bbox 2206 3353 2489 3415; x_wconf 88' lang='lat' dir='ltr'><strong>tribuna-</strong></span> 
     </span>
     <span class='ocr_line' id='line_1_31' title="bbox 985 3447 2487 3531; baseline 0.007 -24"><span class='ocrx_word' id='word_1_181' title='bbox 985 3463 1123 3529; x_wconf 81' lang='lat' dir='ltr'><strong>tum</strong></span> <span class='ocrx_word' id='word_1_182' title='bbox 1158 3447 1396 3515; x_wconf 79' lang='lat' dir='ltr'><strong>XVIII.</strong></span> <span class='ocrx_word' id='word_1_183' title='bbox 1443 3448 1896 3531; x_wconf 78' lang='lat' dir='ltr'><strong>praeferentes</strong></span> <span class='ocrx_word' id='word_1_184' title='bbox 1936 3452 2338 3516; x_wconf 86' lang='lat' dir='ltr'><strong>adulterinos</strong></span> <span class='ocrx_word' id='word_1_185' title='bbox 2379 3456 2487 3517; x_wconf 87' lang='lat' dir='ltr'><strong>ad·</strong></span> 
     </span>
     <span class='ocr_line' id='line_1_32' title="bbox 983 3549 2481 3638; baseline 0.005 -27"><span class='ocrx_word' id='word_1_186' title='bbox 983 3549 1253 3638; x_wconf 82' lang='lat' dir='ltr'><strong>firmare</strong></span> <span class='ocrx_word' id='word_1_187' title='bbox 1316 3570 1447 3611; x_wconf 89' lang='lat' dir='ltr'><strong>non</strong></span> <span class='ocrx_word' id='word_1_188' title='bbox 1512 3550 1795 3623; x_wconf 86' lang='lat' dir='ltr'><strong>dubitat,</strong></span> <span class='ocrx_word' id='word_1_189' title='bbox 1880 3555 2269 3635; x_wconf 81' lang='lat' dir='ltr'><strong>praesertim</strong></span> <span class='ocrx_word' id='word_1_190' title='bbox 2334 3576 2481 3620; x_wconf 89' lang='lat' dir='ltr'><strong>cum</strong></span> 
     </span>
     <span class='ocr_line' id='line_1_33' title="bbox 987 3648 2483 3737; baseline 0.003 -23"><span class='ocrx_word' id='word_1_191' title='bbox 987 3654 1130 3729; x_wconf 80' lang='lat' dir='ltr'><strong>hic„</strong></span> <span class='ocrx_word' id='word_1_192' title='bbox 1194 3665 1265 3712; x_wconf 89' lang='lat' dir='ltr'><strong>ut</strong></span> <span class='ocrx_word' id='word_1_193' title='bbox 1324 3652 1448 3725; x_wconf 87' lang='lat' dir='ltr'><strong>ait,</strong></span> <span class='ocrx_word' id='word_1_194' title='bbox 1510 3652 1574 3711; x_wconf 89' lang='lat' dir='ltr'><strong>in</strong></span> <span class='ocrx_word' id='word_1_195' title='bbox 1636 3655 1820 3715; x_wconf 89' lang='lat' dir='ltr'><strong>nullo</strong></span> <span class='ocrx_word' id='word_1_196' title='bbox 1868 3648 2172 3737; x_wconf 72' lang='lat' dir='ltr'><strong>appareat</strong></span> <span class='ocrx_word' id='word_1_197' title='bbox 2209 3657 2483 3733; x_wconf 79' lang='lat' dir='ltr'><strong>’omnino</strong></span> 
     </span>
     <span class='ocr_line' id='line_1_34' title="bbox 988 3748 2487 3836; baseline 0.003 -22"><span class='ocrx_word' id='word_1_198' title='bbox 988 3750 1377 3833; x_wconf 72' lang='lat' dir='ltr'><strong>numismate</strong></span> <span class='ocrx_word' id='word_1_199' title='bbox 1425 3774 1654 3827; x_wconf 88' lang='lat' dir='ltr'><strong>aureo,</strong></span> <span class='ocrx_word' id='word_1_200' title='bbox 1716 3748 2067 3836; x_wconf 82' lang='lat' dir='ltr'><strong>argenteo,</strong></span> <span class='ocrx_word' id='word_1_201' title='bbox 2127 3778 2327 3820; x_wconf 88' lang='lat' dir='ltr'><strong>aereo</strong></span> <span class='ocrx_word' id='word_1_202' title='bbox 2372 3760 2487 3819; x_wconf 86' lang='lat' dir='ltr'><strong>tri-</strong></span> 
     </span>
     <span class='ocr_line' id='line_1_35' title="bbox 988 3850 2487 3950; baseline 0.002 -33"><span class='ocrx_word' id='word_1_203' title='bbox 988 3866 1098 3917; x_wconf 86' lang='lat' dir='ltr'><strong>um</strong></span> <span class='ocrx_word' id='word_1_204' title='bbox 1165 3852 1498 3916; x_wconf 86' lang='lat' dir='ltr'><strong>solitarum</strong></span> <span class='ocrx_word' id='word_1_205' title='bbox 1562 3855 1920 3917; x_wconf 82' lang='lat' dir='ltr'><strong>formarum</strong></span> <span class='ocrx_word' id='word_1_206' title='bbox 1955 3858 2041 3940; x_wconf 84' lang='lat' dir='ltr'><strong>d).</strong></span> <span class='ocrx_word' id='word_1_207' title='bbox 2132 3850 2325 3950; x_wconf 80' lang='lat' dir='ltr'><strong>Quod</strong></span> <span class='ocrx_word' id='word_1_208' title='bbox 2369 3858 2487 3920; x_wconf 58' lang='lat' dir='ltr'><strong>‘fala</strong></span> 
     </span>
     <span class='ocr_line' id='line_1_36' title="bbox 916 3954 2486 4037; baseline 0.005 -21"><span class='ocrx_word' id='word_1_209' title='bbox 916 4022 923 4025; x_wconf 51' lang='grc'><em>,</em></span> <span class='ocrx_word' id='word_1_210' title='bbox 988 3960 1130 4018; x_wconf 76' lang='lat' dir='ltr'><strong>sum</strong></span> <span class='ocrx_word' id='word_1_211' title='bbox 1170 3974 1348 4035; x_wconf 85' lang='lat' dir='ltr'><strong>esse,</strong></span> <span class='ocrx_word' id='word_1_212' title='bbox 1394 3955 1460 4014; x_wconf 89' lang='lat' dir='ltr'><strong>in</strong></span> <span class='ocrx_word' id='word_1_213' title='bbox 1498 3954 1687 4037; x_wconf 77' lang='lat' dir='ltr'><strong>hujus</strong></span> <span class='ocrx_word' id='word_1_214' title='bbox 1720 3958 2078 4020; x_wconf 84' lang='lat' dir='ltr'><strong>tribunatus</strong></span> <span class='ocrx_word' id='word_1_215' title='bbox 2112 3961 2323 4022; x_wconf 89' lang='lat' dir='ltr'><strong>numis</strong></span> <span class='ocrx_word' id='word_1_216' title='bbox 2355 3984 2486 4025; x_wconf 87' lang='lat' dir='ltr'><strong>ma-</strong></span> 
     </span>
     <span class='ocr_line' id='line_1_37' title="bbox 986 4049 2484 4142; baseline 0.006 -25"><span class='ocrx_word' id='word_1_217' title='bbox 986 4057 1227 4119; x_wconf 87' lang='lat' dir='ltr'><strong>nifeste</strong></span> <span class='ocrx_word' id='word_1_218' title='bbox 1265 4058 1856 4142; x_wconf 88' lang='lat' dir='ltr'><strong>comprobavimus.</strong></span> <span class='ocrx_word' id='word_1_219' title='bbox 1899 4049 2105 4122; x_wconf 66' lang='lat' dir='ltr'><strong>&#39;Idem</strong></span> <span class='ocrx_word' id='word_1_220' title='bbox 2141 4074 2284 4124; x_wconf 87' lang='lat' dir='ltr'><strong>cum</strong></span> <span class='ocrx_word' id='word_1_221' title='bbox 2318 4066 2484 4128; x_wconf 84' lang='lat' dir='ltr'><strong>Har-</strong></span> 
     </span>
     <span class='ocr_line' id='line_1_38' title="bbox 988 4158 2480 4263; baseline 0.005 -42"><span class='ocrx_word' id='word_1_222' title='bbox 988 4158 1186 4222; x_wconf 85' lang='lat' dir='ltr'><strong>duino</strong></span> <span class='ocrx_word' id='word_1_223' title='bbox 1235 4181 1580 4245; x_wconf 85' lang='lat' dir='ltr'><strong>perperam</strong></span> <span class='ocrx_word' id='word_1_224' title='bbox 1628 4162 1909 4224; x_wconf 83' lang='lat' dir='ltr'><strong>sensisse</strong></span> <span class='ocrx_word' id='word_1_225' title='bbox 1952 4165 2366 4263; x_wconf 77' lang='lat' dir='ltr'><strong>Argelatum,</strong></span> <span class='ocrx_word' id='word_1_226' title='bbox 2414 4166 2480 4228; x_wconf 89' lang='lat' dir='ltr'><strong>in</strong></span> 
     </span>
     <span class='ocr_line' id='line_1_39' title="bbox 987 4258 2477 4345; baseline 0.005 -21"><span class='ocrx_word' id='word_1_227' title='bbox 987 4258 1234 4345; x_wconf 77' lang='lat' dir='ltr'><strong>adjecta</strong></span> <span class='ocrx_word' id='word_1_228' title='bbox 1283 4264 1364 4326; x_wconf 86' lang='lat' dir='ltr'><strong>ad</strong></span> <span class='ocrx_word' id='word_1_229' title='bbox 1420 4266 1702 4328; x_wconf 85' lang='lat' dir='ltr'><strong>similem</strong></span> <span class='ocrx_word' id='word_1_230' title='bbox 1750 4266 2163 4333; x_wconf 84' lang='lat' dir='ltr'><strong>Mediobarbi</strong></span> <span class='ocrx_word' id='word_1_231' title='bbox 2214 4290 2477 4331; x_wconf 87' lang='lat' dir='ltr'><strong>numum</strong></span> 
     </span>
     <span class='ocr_line' id='line_1_40' title="bbox 983 4366 1388 4431; baseline 0.013 -5"><span class='ocrx_word' id='word_1_232' title='bbox 983 4380 1136 4429; x_wconf 87' lang='lat' dir='ltr'><strong>nota</strong></span> <span class='ocrx_word' id='word_1_233' title='bbox 1175 4366 1388 4431; x_wconf 83' lang='lat' dir='ltr'><strong>video.</strong></span> 
     </span>
    </p>
   </div>
   <div class='ocr_carea' id='block_1_6' title="bbox 2267 409 2840 488">
    <p class='ocr_par' dir='ltr' id='par_1_7' title="bbox 2267 409 2840 488">
     <span class='ocr_line' id='line_1_41' title="bbox 2267 409 2840 488; baseline -0.005 0"><span class='ocrx_word' id='word_1_234' title='bbox 2267 415 2339 488; x_wconf 77' lang='lat' dir='ltr'>C</span> <span class='ocrx_word' id='word_1_235' title='bbox 2364 416 2426 487; x_wconf 91' lang='lat' dir='ltr'>A</span> <span class='ocrx_word' id='word_1_236' title='bbox 2446 410 2675 487; x_wconf 72' lang='lat' dir='ltr'><strong>PVT</strong></span> <span class='ocrx_word' id='word_1_237' title='bbox 2735 409 2840 485; x_wconf 81' lang='lat' dir='ltr'><strong>X.</strong></span> 
     </span>
    </p>
   </div>
   <div class='ocr_carea' id='block_1_7' title="bbox 2619 590 4114 780">
    <p class='ocr_par' dir='ltr' id='par_1_8' title="bbox 2619 590 4114 780">
     <span class='ocr_line' id='line_1_42' title="bbox 2689 590 4108 680; baseline 0 -26"><span class='ocrx_word' id='word_1_238' title='bbox 2689 653 2692 654; x_wconf 9' lang='lat' dir='ltr'><strong>a</strong></span> <span class='ocrx_word' id='word_1_239' title='bbox 2743 593 2866 657; x_wconf 84' lang='lat' dir='ltr'><strong>His</strong></span> <span class='ocrx_word' id='word_1_240' title='bbox 2912 592 3242 680; x_wconf 81' lang='lat' dir='ltr'><strong>occupatis</strong></span> <span class='ocrx_word' id='word_1_241' title='bbox 3299 590 3712 655; x_wconf 87' lang='lat' dir='ltr'><strong>eruditorum</strong></span> <span class='ocrx_word' id='word_1_242' title='bbox 3739 610 3958 678; x_wconf 61' lang='lat' dir='ltr'><strong>ssuper</strong></span> <span class='ocrx_word' id='word_1_243' title='bbox 4003 610 4108 654; x_wconf 86' lang='lat' dir='ltr'><strong>ex·</strong></span> 
     </span>
     <span class='ocr_line' id='line_1_43' title="bbox 2619 693 4114 780; baseline -0.004 -22"><span class='ocrx_word' id='word_1_244' title='bbox 2619 694 2809 758; x_wconf 89' lang='lat' dir='ltr'><strong>ordio</strong></span> <span class='ocrx_word' id='word_1_245' title='bbox 2854 696 3003 760; x_wconf 88' lang='lat' dir='ltr'><strong>trib.</strong></span> <span class='ocrx_word' id='word_1_246' title='bbox 3049 694 3393 780; x_wconf 83' lang='lat' dir='ltr'><strong>potestatis</strong></span> <span class='ocrx_word' id='word_1_247' title='bbox 3454 693 3814 758; x_wconf 83' lang='lat' dir='ltr'><strong>sententiae</strong></span> <span class='ocrx_word' id='word_1_248' title='bbox 3873 712 4114 776; x_wconf 83' lang='lat' dir='ltr'><strong>expen-</strong></span> 
     </span>
    </p>
   </div>
   <div class='ocr_carea' id='block_1_8' title="bbox 2618 797 3792 956">
    <p class='ocr_par' dir='ltr' id='par_1_9' title="bbox 2618 797 3792 956">
     <span class='ocr_line' id='line_1_44' title="bbox 2618 797 2892 862; baseline 0.008 -4"><span class='ocrx_word' id='word_1_249' title='bbox 2618 797 2892 862; x_wconf 80' lang='lat' dir='ltr'><strong>dandae.</strong></span> 
     </span>
     <span class='ocr_line' id='line_1_45' title="bbox 3759 925 3792 956; baseline 0 0"><span class='ocrx_word' id='word_1_250' title='bbox 3759 925 3792 956; x_wconf 72' lang='grc' dir='ltr'><strong><em>ο</em></strong></span> 
     </span>
    </p>
   </div>
   <div class='ocr_carea' id='block_1_9' title="bbox 2597 961 4108 2614">
    <p class='ocr_par' dir='ltr' id='par_1_10' title="bbox 2597 961 4108 2614">
     <span class='ocr_line' id='line_1_46' title="bbox 2735 961 4104 1084; baseline -0.004 -18.982"><span class='ocrx_word' id='word_1_251' title='bbox 2735 961 3078 1065; x_wconf 87' lang='lat' dir='ltr'><strong>Sententia</strong></span> <span class='ocrx_word' id='word_1_252' title='bbox 3113 1001 3163 1060; x_wconf 91' lang='lat'><strong>1.</strong></span> <span class='ocrx_word' id='word_1_253' title='bbox 3202 1020 3468 1082; x_wconf 85' lang='lat' dir='ltr'><strong>eorum,</strong></span> <span class='ocrx_word' id='word_1_254' title='bbox 3516 1001 3625 1084; x_wconf 77' lang='lat' dir='ltr'><strong>qui</strong></span> <span class='ocrx_word' id='word_1_255' title='bbox 3672 998 3814 1080; x_wconf 84' lang='lat' dir='ltr'><strong>ejus</strong></span> <span class='ocrx_word' id='word_1_256' title='bbox 3858 999 4104 1062; x_wconf 87' lang='lat' dir='ltr'><strong>initium</strong></span> 
     </span>
     <span class='ocr_line' id='line_1_47' title="bbox 2615 1101 4102 1187; baseline -0.005 -20"><span class='ocrx_word' id='word_1_257' title='bbox 2615 1103 2906 1187; x_wconf 82' lang='lat' dir='ltr'><strong>adfigunt</strong></span> <span class='ocrx_word' id='word_1_258' title='bbox 2968 1124 3136 1167; x_wconf 85' lang='lat' dir='ltr'><strong>anno</strong></span> <span class='ocrx_word' id='word_1_259' title='bbox 3198 1105 3306 1171; x_wconf 89' lang='lat' dir='ltr'><strong>V.</strong></span> <span class='ocrx_word' id='word_1_260' title='bbox 3343 1101 3412 1163; x_wconf 92' lang='lat' dir='ltr'><strong>C.</strong></span> <span class='ocrx_word' id='word_1_261' title='bbox 3475 1119 3552 1183; x_wconf 84' lang='grc'><strong>99.</strong></span> <span class='ocrx_word' id='word_1_262' title='bbox 3520 1102 3599 1162; x_wconf 87' lang='grc'><strong>98</strong></span> <span class='ocrx_word' id='word_1_263' title='bbox 3676 1103 3752 1167; x_wconf 84' lang='grc' dir='ltr'><strong>Ρ.</strong></span> <span class='ocrx_word' id='word_1_264' title='bbox 3816 1105 3898 1165; x_wconf 83' lang='lat' dir='ltr'><strong>X.</strong></span> <span class='ocrx_word' id='word_1_265' title='bbox 3971 1104 4102 1180; x_wconf 79' lang='lat'><strong>175,</strong></span> 
     </span>
     <span class='ocr_line' id='line_1_48' title="bbox 2615 1202 4108 1293; baseline -0.001 -24"><span class='ocrx_word' id='word_1_266' title='bbox 2615 1227 2780 1293; x_wconf 88' lang='lat' dir='ltr'><strong>quae</strong></span> <span class='ocrx_word' id='word_1_267' title='bbox 2811 1206 2932 1268; x_wconf 82' lang='lat' dir='ltr'><strong>fuit</strong></span> <span class='ocrx_word' id='word_1_268' title='bbox 2967 1206 3287 1269; x_wconf 87' lang='lat' dir='ltr'><strong>sententia</strong></span> <span class='ocrx_word' id='word_1_269' title='bbox 3319 1202 3564 1264; x_wconf 89' lang='lat' dir='ltr'><strong>Norisii</strong></span> <span class='ocrx_word' id='word_1_270' title='bbox 3596 1215 3661 1265; x_wconf 85' lang='lat' dir='ltr'><strong>et</strong></span> <span class='ocrx_word' id='word_1_271' title='bbox 3694 1204 3909 1285; x_wconf 81' lang='lat' dir='ltr'><strong>Pagii‚</strong></span> <span class='ocrx_word' id='word_1_272' title='bbox 3957 1225 4108 1288; x_wconf 89' lang='lat' dir='ltr'><strong>quo·</strong></span> 
     </span>
     <span class='ocr_line' id='line_1_49' title="bbox 2612 1306 4106 1391; baseline -0.001 -20"><span class='ocrx_word' id='word_1_273' title='bbox 2612 1331 2758 1371; x_wconf 82' lang='lat' dir='ltr'><strong>rum</strong></span> <span class='ocrx_word' id='word_1_274' title='bbox 2803 1308 2919 1369; x_wconf 91' lang='lat' dir='ltr'><strong>ille</strong></span> <span class='ocrx_word' id='word_1_275' title='bbox 2966 1309 3334 1391; x_wconf 82' lang='lat' dir='ltr'><strong>Capitolino</strong></span> <span class='ocrx_word' id='word_1_276' title='bbox 3381 1307 3591 1368; x_wconf 88' lang='lat' dir='ltr'><strong>dicam</strong></span> <span class='ocrx_word' id='word_1_277' title='bbox 3636 1306 3968 1389; x_wconf 79' lang='lat' dir='ltr'><strong>impingit,</strong></span> <span class='ocrx_word' id='word_1_278' title='bbox 4026 1327 4106 1369; x_wconf 88' lang='lat' dir='ltr'><strong>eo</strong></span> 
     </span>
     <span class='ocr_line' id='line_1_50' title="bbox 2597 1410 4108 1495; baseline -0.003 -22"><span class='ocrx_word' id='word_1_279' title='bbox 2597 1413 2795 1495; x_wconf 65' lang='lat' dir='ltr'><strong>quod</strong></span> <span class='ocrx_word' id='word_1_280' title='bbox 2838 1410 3183 1494; x_wconf 87' lang='lat' dir='ltr'><strong>perhibeat</strong></span> <span class='ocrx_word' id='word_1_281' title='bbox 3214 1413 3306 1494; x_wconf 57' lang='grc' dir='ltr'><strong>Β),</strong></span> <span class='ocrx_word' id='word_1_282' title='bbox 3365 1411 3656 1470; x_wconf 86' lang='lat' dir='ltr'><strong>Marcum</strong></span> <span class='ocrx_word' id='word_1_283' title='bbox 3703 1410 3980 1469; x_wconf 83' lang='lat' dir='ltr'><strong>Romam</strong></span> <span class='ocrx_word' id='word_1_284' title='bbox 4025 1427 4108 1470; x_wconf 84' lang='lat' dir='ltr'><strong>ex</strong></span> 
     </span>
     <span class='ocr_line' id='line_1_51' title="bbox 2613 1510 4107 1594; baseline -0.002 -18"><span class='ocrx_word' id='word_1_285' title='bbox 2613 1512 2893 1580; x_wconf 84' lang='lat' dir='ltr'><strong>Oriente</strong></span> <span class='ocrx_word' id='word_1_286' title='bbox 2937 1513 3249 1576; x_wconf 85' lang='lat' dir='ltr'><strong>reducem</strong></span> <span class='ocrx_word' id='word_1_287' title='bbox 3298 1511 3762 1594; x_wconf 87' lang='lat' dir='ltr'><strong>triumphasse,</strong></span> <span class='ocrx_word' id='word_1_288' title='bbox 3809 1510 3983 1594; x_wconf 90' lang='lat' dir='ltr'><strong>quod</strong></span> <span class='ocrx_word' id='word_1_289' title='bbox 4021 1510 4107 1574; x_wconf 83' lang='lat' dir='ltr'><strong>fa·</strong></span> 
     </span>
     <span class='ocr_line' id='line_1_52' title="bbox 2612 1608 4102 1700; baseline -0.003 -23"><span class='ocrx_word' id='word_1_290' title='bbox 2612 1608 2789 1678; x_wconf 77' lang='lat' dir='ltr'><strong>ctum</strong></span> <span class='ocrx_word' id='word_1_291' title='bbox 2852 1617 2933 1684; x_wconf 86' lang='lat' dir='ltr'><strong>V.</strong></span> <span class='ocrx_word' id='word_1_292' title='bbox 2981 1618 3051 1680; x_wconf 91' lang='lat' dir='ltr'><strong>C.</strong></span> <span class='ocrx_word' id='word_1_293' title='bbox 3099 1633 3222 1700; x_wconf 85' lang='grc'><strong>999</strong></span> <span class='ocrx_word' id='word_1_294' title='bbox 3284 1613 3390 1676; x_wconf 82' lang='lat' dir='ltr'><strong>die</strong></span> <span class='ocrx_word' id='word_1_295' title='bbox 3448 1614 3545 1675; x_wconf 86' lang='grc'><strong>93.</strong></span> <span class='ocrx_word' id='word_1_296' title='bbox 3605 1616 3800 1690; x_wconf 89' lang='lat' dir='ltr'><strong>Dec.,</strong></span> <span class='ocrx_word' id='word_1_297' title='bbox 3866 1611 4102 1675; x_wconf 88' lang='lat' dir='ltr'><strong>deinde</strong></span> 
     </span>
     <span class='ocr_line' id='line_1_53' title="bbox 2612 1715 4104 1800; baseline -0.001 -23"><span class='ocrx_word' id='word_1_298' title='bbox 2612 1717 2983 1800; x_wconf 79' lang='lat' dir='ltr'><strong>profectum</strong></span> <span class='ocrx_word' id='word_1_299' title='bbox 3040 1715 3442 1786; x_wconf 83' lang='lat' dir='ltr'><strong>Lanuvium,</strong></span> <span class='ocrx_word' id='word_1_300' title='bbox 3506 1733 3580 1775; x_wconf 87' lang='lat' dir='ltr'><strong>ac</strong></span> <span class='ocrx_word' id='word_1_301' title='bbox 3643 1728 3776 1776; x_wconf 89' lang='lat' dir='ltr'><strong>tum</strong></span> <span class='ocrx_word' id='word_1_302' title='bbox 3843 1715 4104 1777; x_wconf 89' lang='lat' dir='ltr'><strong>demum</strong></span> 
     </span>
     <span class='ocr_line' id='line_1_54' title="bbox 2613 1816 4108 1897; baseline -0.004 -13"><span class='ocrx_word' id='word_1_303' title='bbox 2613 1817 3044 1884; x_wconf 74' lang='lat' dir='ltr'><strong>Commodum</strong></span> <span class='ocrx_word' id='word_1_304' title='bbox 3109 1818 3233 1880; x_wconf 82' lang='lat' dir='ltr'><strong>sibi</strong></span> <span class='ocrx_word' id='word_1_305' title='bbox 3279 1818 3342 1877; x_wconf 88' lang='lat' dir='ltr'><strong>in</strong></span> <span class='ocrx_word' id='word_1_306' title='bbox 3390 1816 3718 1880; x_wconf 85' lang='lat' dir='ltr'><strong>tribunatu</strong></span> <span class='ocrx_word' id='word_1_307' title='bbox 3781 1817 4108 1897; x_wconf 79' lang='lat' dir='ltr'><strong>collegam</strong></span> 
     </span>
     <span class='ocr_line' id='line_1_55' title="bbox 2609 1909 4103 2006; baseline -0.004 -24"><span class='ocrx_word' id='word_1_308' title='bbox 2609 1909 2930 2004; x_wconf 74' lang='lat' dir='ltr'><strong>junxisse,</strong></span> <span class='ocrx_word' id='word_1_309' title='bbox 2998 1942 3144 2006; x_wconf 78' lang='lat' dir='ltr'><strong>cum</strong></span> <span class='ocrx_word' id='word_1_310' title='bbox 3196 1934 3407 1981; x_wconf 85' lang='lat' dir='ltr'><strong>tamen</strong></span> <span class='ocrx_word' id='word_1_311' title='bbox 3457 1918 3721 2000; x_wconf 86' lang='lat' dir='ltr'><strong>probari</strong></span> <span class='ocrx_word' id='word_1_312' title='bbox 3767 1939 3848 1979; x_wconf 86' lang='lat' dir='ltr'><strong>ex</strong></span> <span class='ocrx_word' id='word_1_313' title='bbox 3895 1919 4103 1978; x_wconf 84' lang='lat' dir='ltr'><strong>numis</strong></span> 
     </span>
     <span class='ocr_line' id='line_1_56' title="bbox 2609 2019 4101 2106; baseline -0.002 -21"><span class='ocrx_word' id='word_1_314' title='bbox 2609 2021 2826 2106; x_wconf 58' lang='lat' dir='ltr'><strong>pos&#39;se.</strong></span> <span class='ocrx_word' id='word_1_315' title='bbox 2866 2035 3087 2105; x_wconf 78' lang='lat' dir='ltr'><strong>putet,</strong></span> <span class='ocrx_word' id='word_1_316' title='bbox 3154 2039 3302 2083; x_wconf 88' lang='lat' dir='ltr'><strong>eum</strong></span> <span class='ocrx_word' id='word_1_317' title='bbox 3368 2019 3483 2081; x_wconf 91' lang='lat' dir='ltr'><strong>illo</strong></span> <span class='ocrx_word' id='word_1_318' title='bbox 3548 2020 3856 2082; x_wconf 87' lang='lat' dir='ltr'><strong>donatum</strong></span> <span class='ocrx_word' id='word_1_319' title='bbox 3902 2020 3986 2084; x_wconf 85' lang='lat' dir='ltr'><strong>V.</strong></span> <span class='ocrx_word' id='word_1_320' title='bbox 4032 2021 4101 2082; x_wconf 88' lang='lat' dir='ltr'><strong>C.</strong></span> 
     </span>
     <span class='ocr_line' id='line_1_57' title="bbox 2610 2120 4100 2208; baseline -0.002 -23"><span class='ocrx_word' id='word_1_321' title='bbox 2610 2128 2770 2208; x_wconf 84' lang='grc'><em>998,</em></span> <span class='ocrx_word' id='word_1_322' title='bbox 2836 2138 2941 2199; x_wconf 88' lang='lat' dir='ltr'><strong>et,</strong></span> <span class='ocrx_word' id='word_1_323' title='bbox 3004 2138 3076 2187; x_wconf 86' lang='lat' dir='ltr'><strong>ut</strong></span> <span class='ocrx_word' id='word_1_324' title='bbox 3118 2123 3420 2204; x_wconf 86' lang='lat' dir='ltr'><strong>conjicit,</strong></span> <span class='ocrx_word' id='word_1_325' title='bbox 3483 2142 3584 2203; x_wconf 87' lang='grc'><strong>97.</strong></span> <span class='ocrx_word' id='word_1_326' title='bbox 3632 2120 4100 2202; x_wconf 70' lang='lat' dir='ltr'><strong>Februariis).</strong></span> 
     </span>
     <span class='ocr_line' id='line_1_58' title="bbox 2613 2222 4103 2298; baseline -0.001 -11"><span class='ocrx_word' id='word_1_327' title='bbox 2613 2228 2841 2289; x_wconf 86' lang='lat' dir='ltr'><strong>Serius</strong></span> <span class='ocrx_word' id='word_1_328' title='bbox 2904 2241 3115 2289; x_wconf 90' lang='lat' dir='ltr'><strong>tamen</strong></span> <span class='ocrx_word' id='word_1_329' title='bbox 3176 2225 3455 2298; x_wconf 83' lang='lat' dir='ltr'><strong>delatam</strong></span> <span class='ocrx_word' id='word_1_330' title='bbox 3516 2226 3680 2287; x_wconf 88' lang='lat' dir='ltr'><strong>hanc</strong></span> <span class='ocrx_word' id='word_1_331' title='bbox 3742 2222 4103 2288; x_wconf 86' lang='lat' dir='ltr'><strong>Commodo</strong></span> 
     </span>
     <span class='ocr_line' id='line_1_59' title="bbox 2610 2327 4106 2412; baseline -0.002 -23"><span class='ocrx_word' id='word_1_332' title='bbox 2610 2327 2993 2412; x_wconf 82' lang='lat' dir='ltr'><strong>dignitatem</strong></span> <span class='ocrx_word' id='word_1_333' title='bbox 3056 2327 3318 2392; x_wconf 90' lang='lat' dir='ltr'><strong>circiter</strong></span> <span class='ocrx_word' id='word_1_334' title='bbox 3380 2347 3607 2390; x_wconf 90' lang='lat' dir='ltr'><strong>mense</strong></span> <span class='ocrx_word' id='word_1_335' title='bbox 3651 2328 3948 2409; x_wconf 83' lang='lat' dir='ltr'><strong>Augusto</strong></span> <span class='ocrx_word' id='word_1_336' title='bbox 4009 2339 4106 2386; x_wconf 82' lang='lat' dir='ltr'><strong>est</strong></span> 
     </span>
     <span class='ocr_line' id='line_1_60' title="bbox 2610 2425 4103 2519; baseline -0.005 -25"><span class='ocrx_word' id='word_1_337' title='bbox 2610 2432 2904 2515; x_wconf 83' lang='lat' dir='ltr'><strong>opinatus</strong></span> <span class='ocrx_word' id='word_1_338' title='bbox 2952 2434 3040 2512; x_wconf 73' lang='grc'><strong>3).</strong></span> <span class='ocrx_word' id='word_1_339' title='bbox 3126 2425 3369 2519; x_wconf 79' lang='lat' dir='ltr'><strong>Quoad&#39;</strong></span> <span class='ocrx_word' id='word_1_340' title='bbox 3448 2450 3686 2492; x_wconf 88' lang='lat' dir='ltr'><strong>annum</strong></span> <span class='ocrx_word' id='word_1_341' title='bbox 3774 2428 4103 2492; x_wconf 76' lang='lat' dir='ltr'><strong>consentit</strong></span> 
     </span>
     <span class='ocr_line' id='line_1_61' title="bbox 2610 2526 3434 2614; baseline -0.006 -19"><span class='ocrx_word' id='word_1_342' title='bbox 2610 2533 2808 2596; x_wconf 90' lang='lat' dir='ltr'><strong>etiam</strong></span> <span class='ocrx_word' id='word_1_343' title='bbox 2853 2532 3314 2595; x_wconf 88' lang='lat' dir='ltr'><strong>Tillemontius</strong></span> <span class='ocrx_word' id='word_1_344' title='bbox 3346 2526 3434 2614; x_wconf 87' lang='lat' dir='ltr'><strong>h).</strong></span> 
     </span>
    </p>
   </div>
   <div class='ocr_carea' id='block_1_10' title="bbox 2599 2711 4134 3935">
    <p class='ocr_par' dir='ltr' id='par_1_11' title="bbox 2599 2711 4134 3935">
     <span class='ocr_line' id='line_1_62' title="bbox 2733 2711 4104 2821; baseline -0.004 -22"><span class='ocrx_word' id='word_1_345' title='bbox 2733 2739 2881 2800; x_wconf 90' lang='lat' dir='ltr'><strong>Non</strong></span> <span class='ocrx_word' id='word_1_346' title='bbox 2944 2757 3130 2821; x_wconf 84' lang='lat' dir='ltr'><strong>agam</strong></span> <span class='ocrx_word' id='word_1_347' title='bbox 3188 2748 3534 2820; x_wconf 90' lang='lat' dir='ltr'><strong>patronum</strong></span> <span class='ocrx_word' id='word_1_348' title='bbox 3597 2711 3950 2819; x_wconf 86' lang='lat' dir='ltr'><strong>Capitolini</strong></span> <span class='ocrx_word' id='word_1_349' title='bbox 4010 2742 4104 2794; x_wconf 87' lang='lat' dir='ltr'><strong>to-</strong></span> 
     </span>
     <span class='ocr_line' id='line_1_63' title="bbox 2605 2835 4106 2918; baseline -0.007 -14"><span class='ocrx_word' id='word_1_350' title='bbox 2605 2839 2730 2904; x_wconf 90' lang='lat' dir='ltr'><strong>ties</strong></span> <span class='ocrx_word' id='word_1_351' title='bbox 2776 2861 3000 2902; x_wconf 90' lang='lat' dir='ltr'><strong>rerum</strong></span> <span class='ocrx_word' id='word_1_352' title='bbox 3062 2838 3365 2902; x_wconf 88' lang='lat' dir='ltr'><strong>ordinem</strong></span> <span class='ocrx_word' id='word_1_353' title='bbox 3414 2859 3522 2899; x_wconf 88' lang='lat' dir='ltr'><strong>sus</strong></span> <span class='ocrx_word' id='word_1_354' title='bbox 3568 2835 3783 2918; x_wconf 87' lang='lat' dir='ltr'><strong>deque</strong></span> <span class='ocrx_word' id='word_1_355' title='bbox 3828 2835 4106 2897; x_wconf 86' lang='lat' dir='ltr'><strong>miscen-</strong></span> 
     </span>
     <span class='ocr_line' id='line_1_64' title="bbox 2606 2928 4105 3024; baseline -0.004 -21"><span class='ocrx_word' id='word_1_356' title='bbox 2606 2944 2723 3016; x_wconf 88' lang='lat' dir='ltr'><strong>tis,</strong></span> <span class='ocrx_word' id='word_1_357' title='bbox 2793 2928 3091 3024; x_wconf 87' lang='lat' dir='ltr'><strong>nihilque</strong></span> <span class='ocrx_word' id='word_1_358' title='bbox 3154 2941 3344 3022; x_wconf 88' lang='lat' dir='ltr'><strong>hujus</strong></span> <span class='ocrx_word' id='word_1_359' title='bbox 3406 2938 3755 3003; x_wconf 77' lang='lat' dir='ltr'><strong>auctoritas</strong></span> <span class='ocrx_word' id='word_1_360' title='bbox 3795 2936 3866 2998; x_wconf 87' lang='lat' dir='ltr'><strong>in</strong></span> <span class='ocrx_word' id='word_1_361' title='bbox 3914 2958 4105 3002; x_wconf 81' lang='lat' dir='ltr'><strong>cansa</strong></span> 
     </span>
     <span class='ocr_line' id='line_1_65' title="bbox 2605 3032 4100 3153; baseline -0.004 -49"><span class='ocrx_word' id='word_1_362' title='bbox 2605 3058 2951 3153; x_wconf 83' lang='lat' dir='ltr'><strong>praesente</strong></span> <span class='ocrx_word' id='word_1_363' title='bbox 2990 3045 3219 3106; x_wconf 86' lang='lat' dir='ltr'><strong>valeat.</strong></span> <span class='ocrx_word' id='word_1_364' title='bbox 3296 3032 3523 3104; x_wconf 85' lang='lat' dir='ltr'><strong>Numis</strong></span> <span class='ocrx_word' id='word_1_365' title='bbox 3560 3061 3701 3102; x_wconf 87' lang='lat' dir='ltr'><strong>rem</strong></span> <span class='ocrx_word' id='word_1_366' title='bbox 3741 3060 3952 3122; x_wconf 84' lang='lat' dir='ltr'><strong>agam.</strong></span> <span class='ocrx_word' id='word_1_367' title='bbox 4025 3040 4100 3098; x_wconf 88' lang='lat' dir='ltr'><strong>In</strong></span> 
     </span>
     <span class='ocr_line' id='line_1_66' title="bbox 2603 3134 4103 3207; baseline -0.004 -2"><span class='ocrx_word' id='word_1_368' title='bbox 2603 3134 2725 3207; x_wconf 84' lang='lat' dir='ltr'><strong>hac</strong></span> <span class='ocrx_word' id='word_1_369' title='bbox 2773 3145 3061 3207; x_wconf 81' lang='lat' dir='ltr'><strong>virorum</strong></span> <span class='ocrx_word' id='word_1_370' title='bbox 3124 3142 3531 3206; x_wconf 89' lang='lat' dir='ltr'><strong>eruditorum</strong></span> <span class='ocrx_word' id='word_1_371' title='bbox 3587 3142 3910 3206; x_wconf 84' lang='lat' dir='ltr'><strong>sententia</strong></span> <span class='ocrx_word' id='word_1_372' title='bbox 3955 3141 4103 3203; x_wconf 88' lang='lat' dir='ltr'><strong>anni</strong></span> 
     </span>
     <span class='ocr_line' id='line_1_67' title="bbox 2600 3242 4134 3332; baseline -0.004 -24"><span class='ocrx_word' id='word_1_373' title='bbox 2600 3249 2681 3316; x_wconf 91' lang='lat' dir='ltr'><strong>V.</strong></span> <span class='ocrx_word' id='word_1_374' title='bbox 2732 3246 2815 3308; x_wconf 85' lang='lat' dir='ltr'><strong>C.</strong></span> <span class='ocrx_word' id='word_1_375' title='bbox 2873 3266 2998 3329; x_wconf 87' lang='grc'><strong>999</strong></span> <span class='ocrx_word' id='word_1_376' title='bbox 3068 3260 3324 3331; x_wconf 82' lang='lat' dir='ltr'><strong>partem</strong></span> <span class='ocrx_word' id='word_1_377' title='bbox 3398 3246 3689 3329; x_wconf 88' lang='lat' dir='ltr'><strong>priorem</strong></span> <span class='ocrx_word' id='word_1_378' title='bbox 3759 3242 4134 3332; x_wconf 22' lang='lat' dir='ltr'><strong>occupavit.</strong></span> 
     </span>
     <span class='ocr_line' id='line_1_68' title="bbox 2602 3344 4104 3429; baseline -0.003 -18"><span class='ocrx_word' id='word_1_379' title='bbox 2602 3347 2962 3411; x_wconf 87' lang='lat' dir='ltr'><strong>tribunatus</strong></span> <span class='ocrx_word' id='word_1_380' title='bbox 3024 3350 3106 3423; x_wconf 91' lang='lat'><strong>1.‚</strong></span> <span class='ocrx_word' id='word_1_381' title='bbox 3169 3362 3420 3429; x_wconf 88' lang='lat' dir='ltr'><strong>partem</strong></span> <span class='ocrx_word' id='word_1_382' title='bbox 3483 3349 3755 3409; x_wconf 88' lang='lat' dir='ltr'><strong>alteram</strong></span> <span class='ocrx_word' id='word_1_383' title='bbox 3816 3344 4104 3406; x_wconf 73' lang='lat' dir='ltr'><strong>tribuna·</strong></span> 
     </span>
     <span class='ocr_line' id='line_1_69' title="bbox 2600 3447 4102 3532; baseline -0.004 -20"><span class='ocrx_word' id='word_1_384' title='bbox 2600 3464 2703 3512; x_wconf 83' lang='lat' dir='ltr'><strong>tus</strong></span> <span class='ocrx_word' id='word_1_385' title='bbox 2736 3453 2853 3525; x_wconf 89' lang='lat'><strong>11.‚</strong></span> <span class='ocrx_word' id='word_1_386' title='bbox 2899 3469 2971 3511; x_wconf 86' lang='lat' dir='ltr'><strong>ac</strong></span> <span class='ocrx_word' id='word_1_387' title='bbox 3008 3447 3269 3511; x_wconf 81' lang='lat' dir='ltr'><strong>demum</strong></span> <span class='ocrx_word' id='word_1_388' title='bbox 3311 3464 3563 3532; x_wconf 86' lang='lat' dir='ltr'><strong>partem</strong></span> <span class='ocrx_word' id='word_1_389' title='bbox 3610 3448 3904 3532; x_wconf 87' lang='lat' dir='ltr'><strong>priorem</strong></span> <span class='ocrx_word' id='word_1_390' title='bbox 3949 3447 4102 3509; x_wconf 85' lang='lat' dir='ltr'><strong>anni</strong></span> 
     </span>
     <span class='ocr_line' id='line_1_70' title="bbox 2602 3542 4100 3636; baseline -0.007 -18"><span class='ocrx_word' id='word_1_391' title='bbox 2602 3556 2756 3636; x_wconf 61' lang='lat'><strong>945,</strong></span> <span class='ocrx_word' id='word_1_392' title='bbox 2804 3551 2986 3634; x_wconf 86' lang='lat' dir='ltr'><strong>cujus</strong></span> <span class='ocrx_word' id='word_1_393' title='bbox 3011 3542 3342 3635; x_wconf 68' lang='lat' dir='ltr'><strong>Postrema</strong></span> <span class='ocrx_word' id='word_1_394' title='bbox 3375 3551 3480 3612; x_wconf 89' lang='lat' dir='ltr'><strong>die</strong></span> <span class='ocrx_word' id='word_1_395' title='bbox 3515 3562 3873 3612; x_wconf 86' lang='lat' dir='ltr'><strong>caesusest</strong></span> <span class='ocrx_word' id='word_1_396' title='bbox 3908 3551 4100 3612; x_wconf 84' lang='lat' dir='ltr'><strong>Com-</strong></span> 
     </span>
     <span class='ocr_line' id='line_1_71' title="bbox 2599 3642 4100 3735; baseline -0.005 -17"><span class='ocrx_word' id='word_1_397' title='bbox 2599 3653 2865 3730; x_wconf 88' lang='lat' dir='ltr'><strong>modus,</strong></span> <span class='ocrx_word' id='word_1_398' title='bbox 2911 3642 3274 3716; x_wconf 84' lang='lat' dir='ltr'><strong>tribunatus</strong></span> <span class='ocrx_word' id='word_1_399' title='bbox 3318 3655 3560 3729; x_wconf 81' lang='lat' dir='ltr'><strong>xv11.‚</strong></span> <span class='ocrx_word' id='word_1_400' title='bbox 3606 3666 3857 3735; x_wconf 78' lang='lat' dir='ltr'><strong>partem</strong></span> <span class='ocrx_word' id='word_1_401' title='bbox 3905 3651 4100 3713; x_wconf 75' lang='lat' dir='ltr'><strong>alter-</strong></span> 
     </span>
     <span class='ocr_line' id='line_1_72' title="bbox 2600 3742 4092 3837; baseline -0.007 -15"><span class='ocrx_word' id='word_1_402' title='bbox 2600 3754 2700 3822; x_wconf 73' lang='lat' dir='ltr'><strong>am</strong></span> <span class='ocrx_word' id='word_1_403' title='bbox 2753 3756 3113 3818; x_wconf 85' lang='lat' dir='ltr'><strong>tribunatus</strong></span> <span class='ocrx_word' id='word_1_404' title='bbox 3158 3750 3434 3834; x_wconf 77' lang='lat' dir='ltr'><strong>xv111‚,</strong></span> <span class='ocrx_word' id='word_1_405' title='bbox 3496 3769 3598 3831; x_wconf 88' lang='lat' dir='ltr'><strong>et,</strong></span> <span class='ocrx_word' id='word_1_406' title='bbox 3660 3742 3837 3837; x_wconf 74' lang='lat' dir='ltr'><strong>quod</strong></span> <span class='ocrx_word' id='word_1_407' title='bbox 3880 3751 4092 3836; x_wconf 76' lang='lat' dir='ltr'><strong>sequi·</strong></span> 
     </span>
     <span class='ocr_line' id='line_1_73' title="bbox 2600 3858 3674 3935; baseline -0.005 -12"><span class='ocrx_word' id='word_1_408' title='bbox 2600 3873 2741 3935; x_wconf 87' lang='lat' dir='ltr'><strong>tur,</strong></span> <span class='ocrx_word' id='word_1_409' title='bbox 2787 3858 2912 3921; x_wconf 84' lang='lat' dir='ltr'><strong>fuit</strong></span> <span class='ocrx_word' id='word_1_410' title='bbox 2956 3858 3352 3924; x_wconf 88' lang='lat' dir='ltr'><strong>Commodus</strong></span> <span class='ocrx_word' id='word_1_411' title='bbox 3671 3860 3674 3863; x_wconf 74' lang='grc'><strong>’</strong></span> 
     </span>
    </p>
   </div>
   <div class='ocr_carea' id='block_1_11' title="bbox 2635 4062 4000 4457">
    <p class='ocr_par' dir='ltr' id='par_1_12' title="bbox 2635 4062 4000 4457">
     <span class='ocr_line' id='line_1_74' title="bbox 2635 4062 3862 4149; baseline -0.011 -15"><span class='ocrx_word' id='word_1_412' title='bbox 2635 4066 2719 4135; x_wconf 85' lang='lat' dir='ltr'><strong>V.</strong></span> <span class='ocrx_word' id='word_1_413' title='bbox 2766 4064 2839 4129; x_wconf 85' lang='lat' dir='ltr'><strong>e.</strong></span> <span class='ocrx_word' id='word_1_414' title='bbox 2885 4065 3031 4149; x_wconf 83' lang='lat'><strong>930.</strong></span> <span class='ocrx_word' id='word_1_415' title='bbox 3077 4066 3268 4129; x_wconf 79' lang='lat' dir='ltr'><strong>cos,</strong></span> <span class='ocrx_word' id='word_1_416' title='bbox 3315 4065 3455 4127; x_wconf 78' lang='grc' dir='ltr'><strong>ΤΒ.</strong></span> <span class='ocrx_word' id='word_1_417' title='bbox 3499 4062 3575 4123; x_wconf 84' lang='lat' dir='ltr'><strong>P.</strong></span> <span class='ocrx_word' id='word_1_418' title='bbox 3622 4063 3704 4123; x_wconf 90' lang='lat'><strong>11.</strong></span> <span class='ocrx_word' id='word_1_419' title='bbox 3738 4063 3862 4122; x_wconf 69' lang='grc' dir='ltr'><em>«ιιι.</em></span> 
     </span>
     <span class='ocr_line' id='line_1_75' title="bbox 2881 4164 3893 4253; baseline -0.004 -23"><span class='ocrx_word' id='word_1_420' title='bbox 2881 4168 3040 4253; x_wconf 75' lang='lat'><strong>931.</strong></span> <span class='ocrx_word' id='word_1_421' title='bbox 3076 4166 3266 4230; x_wconf 82' lang='lat' dir='ltr'><strong>cos,</strong></span> <span class='ocrx_word' id='word_1_422' title='bbox 3315 4167 3453 4228; x_wconf 73' lang='lat' dir='ltr'><strong>Tu.</strong></span> <span class='ocrx_word' id='word_1_423' title='bbox 3500 4165 3573 4229; x_wconf 85' lang='lat' dir='ltr'><strong>P.</strong></span> <span class='ocrx_word' id='word_1_424' title='bbox 3619 4165 3730 4227; x_wconf 89' lang='lat'><strong>111.</strong></span> <span class='ocrx_word' id='word_1_425' title='bbox 3777 4164 3893 4234; x_wconf 83' lang='lat' dir='ltr'><strong>IV.</strong></span> 
     </span>
     <span class='ocr_line' id='line_1_76' title="bbox 2843 4263 4000 4354; baseline -0.008 -19"><span class='ocrx_word' id='word_1_426' title='bbox 2843 4271 3025 4354; x_wconf 70' lang='lat'><strong>932.</strong></span> <span class='ocrx_word' id='word_1_427' title='bbox 3072 4266 3266 4349; x_wconf 64' lang='lat' dir='ltr'><strong>cos,</strong></span> <span class='ocrx_word' id='word_1_428' title='bbox 3309 4269 3386 4330; x_wconf 84' lang='grc' dir='ltr'><strong>ιι.</strong></span> <span class='ocrx_word' id='word_1_429' title='bbox 3437 4268 3577 4331; x_wconf 77' lang='grc' dir='ltr'><em>ΤΡ..</em></span> <span class='ocrx_word' id='word_1_430' title='bbox 3629 4266 3700 4327; x_wconf 79' lang='grc' dir='ltr'><strong>Ρ.</strong></span> <span class='ocrx_word' id='word_1_431' title='bbox 3748 4263 3866 4330; x_wconf 84' lang='lat' dir='ltr'><strong>rv.</strong></span> <span class='ocrx_word' id='word_1_432' title='bbox 3906 4263 4000 4339; x_wconf 81' lang='lat' dir='ltr'><strong>v.</strong></span> 
     </span>
     <span class='ocr_line' id='line_1_77' title="bbox 2883 4366 3988 4457; baseline -0.009 -21"><span class='ocrx_word' id='word_1_433' title='bbox 2883 4374 3026 4457; x_wconf 76' lang='lat'><strong>933.</strong></span> <span class='ocrx_word' id='word_1_434' title='bbox 3077 4371 3266 4437; x_wconf 78' lang='lat' dir='ltr'><strong>cos,</strong></span> <span class='ocrx_word' id='word_1_435' title='bbox 3313 4373 3392 4432; x_wconf 90' lang='lat'><strong>11.</strong></span> <span class='ocrx_word' id='word_1_436' title='bbox 3438 4370 3579 4429; x_wconf 84' lang='lat' dir='ltr'><strong>TR.</strong></span> <span class='ocrx_word' id='word_1_437' title='bbox 3624 4368 3702 4432; x_wconf 84' lang='lat' dir='ltr'><strong>P.</strong></span> <span class='ocrx_word' id='word_1_438' title='bbox 3748 4368 3827 4432; x_wconf 85' lang='lat' dir='ltr'><strong>v.</strong></span> <span class='ocrx_word' id='word_1_439' title='bbox 3876 4366 3988 4432; x_wconf 76' lang='lat' dir='ltr'><strong>vr.</strong></span> 
     </span>
    </p>
   </div>
   <div class='ocr_carea' id='block_1_12' title="bbox 991 4504 4099 4545">
    <p class='ocr_par' dir='ltr' id='par_1_13' title="bbox 991 4504 4099 4545">
     <span class='ocr_line' id='line_1_78' title="bbox 991 4504 4099 4545; baseline -0.002 -7"><span class='ocrx_word' id='word_1_440' title='bbox 991 4504 4099 4545; x_wconf 45' lang='lat' dir='ltr'><strong>w*—</strong></span> 
     </span>
    </p>
   </div>
   <div class='ocr_carea' id='block_1_13' title="bbox 1053 4601 2160 4785">
    <p class='ocr_par' dir='ltr' id='par_1_14' title="bbox 1053 4601 2160 4785">
     <span class='ocr_line' id='line_1_79' title="bbox 1053 4601 1859 4679; baseline 0.016 -24"><span class='ocrx_word' id='word_1_441' title='bbox 1053 4601 1116 4669; x_wconf 71' lang='grc' dir='ltr'><strong>ι)</strong></span> <span class='ocrx_word' id='word_1_442' title='bbox 1157 4601 1293 4679; x_wconf 69' lang='lat' dir='ltr'><strong>Pag.</strong></span> <span class='ocrx_word' id='word_1_443' title='bbox 1323 4612 1448 4666; x_wconf 80' lang='lat'><strong>253·</strong></span> <span class='ocrx_word' id='word_1_444' title='bbox 1482 4614 1534 4662; x_wconf 78' lang='lat'><strong>2.</strong></span> <span class='ocrx_word' id='word_1_445' title='bbox 1568 4614 1624 4659; x_wconf 85' lang='lat' dir='ltr'><strong>et</strong></span> <span class='ocrx_word' id='word_1_446' title='bbox 1650 4606 1773 4667; x_wconf 77' lang='lat'><strong>262.</strong></span> <span class='ocrx_word' id='word_1_447' title='bbox 1806 4605 1859 4667; x_wconf 91' lang='lat'><strong>6.</strong></span> 
     </span>
     <span class='ocr_line' id='line_1_80' title="bbox 1314 4690 2160 4785; baseline 0.004 -34"><span class='ocrx_word' id='word_1_448' title='bbox 1314 4690 1367 4763; x_wconf 80' lang='lat' dir='ltr'><strong>s)</strong></span> <span class='ocrx_word' id='word_1_449' title='bbox 1407 4691 1545 4758; x_wconf 85' lang='lat' dir='ltr'><strong>Vot.</strong></span> <span class='ocrx_word' id='word_1_450' title='bbox 1582 4690 1826 4754; x_wconf 86' lang='lat' dir='ltr'><strong>decenn.</strong></span> <span class='ocrx_word' id='word_1_451' title='bbox 1864 4716 1999 4777; x_wconf 84' lang='lat' dir='ltr'><strong>pag.</strong></span> <span class='ocrx_word' id='word_1_452' title='bbox 2024 4709 2160 4785; x_wconf 74' lang='lat'><strong>,¹¹⁵-</strong></span> 
     </span>
    </p>
   </div>
   <div class='ocr_carea' id='block_1_14' title="bbox 1970 4605 3089 4776">
    <p class='ocr_par' dir='ltr' id='par_1_15' title="bbox 1970 4605 3089 4776">
     <span class='ocr_line' id='line_1_81' title="bbox 1970 4605 2508 4685; baseline 0 -23"><span class='ocrx_word' id='word_1_453' title='bbox 1970 4605 2039 4679; x_wconf 76' lang='grc'><strong>1))</strong></span> <span class='ocrx_word' id='word_1_454' title='bbox 2082 4609 2219 4685; x_wconf 83' lang='lat' dir='ltr'><strong>Pag.</strong></span> <span class='ocrx_word' id='word_1_455' title='bbox 2248 4614 2375 4669; x_wconf 70' lang='lat'><strong>242.</strong></span> <span class='ocrx_word' id='word_1_456' title='bbox 2406 4618 2458 4671; x_wconf 85' lang='lat'><strong>5.</strong></span> <span class='ocrx_word' id='word_1_457' title='bbox 2496 4675 2508 4685; x_wconf 32' lang='grc' dir='ltr'><strong><em>ο</em></strong></span> 
     </span>
     <span class='ocr_line' id='line_1_82' title="bbox 2276 4698 3089 4776; baseline -0.005 -23"><span class='ocrx_word' id='word_1_458' title='bbox 2276 4703 2339 4776; x_wconf 83' lang='lat' dir='ltr'><strong>g)</strong></span> <span class='ocrx_word' id='word_1_459' title='bbox 2380 4698 2569 4775; x_wconf 79' lang='lat' dir='ltr'><strong>Epist.</strong></span> <span class='ocrx_word' id='word_1_460' title='bbox 2602 4714 2762 4757; x_wconf 73' lang='lat' dir='ltr'><strong>com.</strong></span> <span class='ocrx_word' id='word_1_461' title='bbox 2793 4712 2929 4771; x_wconf 80' lang='lat' dir='ltr'><strong>pag.</strong></span> <span class='ocrx_word' id='word_1_462' title='bbox 2966 4703 3089 4752; x_wconf 81' lang='lat'><strong>120.</strong></span> 
     </span>
    </p>
   </div>
   <div class='ocr_carea' id='block_1_15' title="bbox 2573 4575 4099 4764">
    <p class='ocr_par' dir='ltr' id='par_1_16' title="bbox 2573 4575 4099 4764">
     <span class='ocr_line' id='line_1_83' title="bbox 2573 4575 4099 4681; baseline -0.01 -18"><span class='ocrx_word' id='word_1_463' title='bbox 2573 4610 2632 4681; x_wconf 80' lang='lat' dir='ltr'><strong>c)</strong></span> <span class='ocrx_word' id='word_1_464' title='bbox 2670 4604 2734 4661; x_wconf 93' lang='lat' dir='ltr'><strong>L.</strong></span> <span class='ocrx_word' id='word_1_465' title='bbox 2761 4599 2996 4658; x_wconf 80' lang='lat' dir='ltr'><strong>LXXII.</strong></span> <span class='ocrx_word' id='word_1_466' title='bbox 3026 4603 3078 4673; x_wconf 85' lang='lat'><strong>§.</strong></span> <span class='ocrx_word' id='word_1_467' title='bbox 3118 4611 3204 4666; x_wconf 82' lang='lat'><strong>15.</strong></span> <span class='ocrx_word' id='word_1_468' title='bbox 3320 4597 3387 4669; x_wconf 86' lang='lat' dir='ltr'><strong>d)</strong></span> <span class='ocrx_word' id='word_1_469' title='bbox 3428 4595 3580 4653; x_wconf 83' lang='lat' dir='ltr'><strong>Hist.</strong></span> <span class='ocrx_word' id='word_1_470' title='bbox 3613 4596 3762 4673; x_wconf 82' lang='lat' dir='ltr'><strong>Aug.</strong></span> <span class='ocrx_word' id='word_1_471' title='bbox 3794 4576 3931 4673; x_wconf 71' lang='lat' dir='ltr'><strong>pag.</strong></span> <span class='ocrx_word' id='word_1_472' title='bbox 3962 4575 4099 4666; x_wconf 55' lang='grc'><em>794.</em></span> 
     </span>
     <span class='ocr_line' id='line_1_84' title="bbox 3202 4686 4017 4764; baseline -0.009 -18"><span class='ocrx_word' id='word_1_473' title='bbox 3202 4688 3273 4763; x_wconf 83' lang='lat' dir='ltr'><strong>b)</strong></span> <span class='ocrx_word' id='word_1_474' title='bbox 3317 4689 3376 4746; x_wconf 89' lang='lat' dir='ltr'><strong>iu</strong></span> <span class='ocrx_word' id='word_1_475' title='bbox 3415 4686 3684 4748; x_wconf 86' lang='lat' dir='ltr'><strong>Aurelio.</strong></span> <span class='ocrx_word' id='word_1_476' title='bbox 3719 4703 3854 4764; x_wconf 77' lang='lat' dir='ltr'><strong>pag.</strong></span> <span class='ocrx_word' id='word_1_477' title='bbox 3888 4687 4017 4752; x_wconf 75' lang='lat'><strong>676.</strong></span> 
     </span>
    </p>
   </div>
   <div class='ocr_carea' id='block_1_16' title="bbox 4353 4254 4358 4903">
    <p class='ocr_par' dir='ltr' id='par_1_17' title="bbox 4353 4254 4358 4903">
     <span class='ocr_line' id='line_1_85' title="bbox 4353 4254 4358 4903; baseline 0 0"><span class='ocrx_word' id='word_1_478' title='bbox 4353 4254 4358 4903; x_wconf 95' lang='lat' dir='ltr'><strong> </strong></span> 
     </span>
    </p>
   </div>
  </div>
 </body>
</html>
