4388 5576
984 1388 1071 1407 s

1137 538 1178 607 3
2012 584 2017 587 ,
2322 506 3101 583 ΑΒΒΕΝΒΑ

1143 686 1405 753 rulamii
1432 726 1435 729 >
1461 705 1729 750 numum
1787 681 2075 769 reperit,
2137 697 2330 762 quem
2386 680 2632 763 patriae

1148 811 1313 859 suae⁴
1350 789 1708 863 tribueret,
1757 797 1949 869 atque
2003 784 2176 845 bunc
2222 802 2482 867 quoque
2527 801 2633 843 me

1146 891 1364 975 iudice
1397 890 1697 965 dubium,
1737 907 1951 970 neque
1987 897 2199 948 tamen
2240 906 2276 946 a
2309 904 2416 947 me
2451 883 2643 947 omis·

1149 1016 1313 1057 sum.
1375 973 1625 1059 Verum
1667 988 1749 1052 ad
1790 1009 2074 1071 nuperas
2109 985 2323 1070 gentis
2358 990 2511 1049 suae
2547 986 2645 1046 lu-

1151 1094 1565 1158 cubrat-iones
1618 1104 1933 1174 provocat
1980 1108 2334 1170 anonymus
2384 1102 2647 1164 noster,

1151 1210 1220 1259 et
1250 1194 1722 1256 Pinkertonum
1754 1192 1913 1254 mihi
1946 1190 2394 1267 commendat,
2430 1191 2495 1251 in
2536 1211 2645 1253 cu·
2724 1246 2729 1251 .

1147 1296 1250 1380 jus
1297 1295 1386 1358 ait
1433 1314 1637 1377 opere
1689 1293 2417 1357 notitiam-absolutam
2460 1315 2649 1376 prae·

1076 1388 1091 1391 j
1152 1401 1360 1461 sentis
1388 1399 1795 1459 conditionis
1823 1402 1922 1458 rei
1943 1396 2381 1457 Britannicae
2406 1398 2652 1459 numis-

1150 1503 1441 1561 maticae
1494 1500 1785 1578 reperiri.
1859 1495 2008 1589 Quo
2068 1508 2370 1576 tempore
2429 1518 2674 1582 meum·

1155 1598 1237 1663 de
1272 1599 1403 1663 hac
1444 1618 1790 1661 numorum
1849 1599 2057 1660 classe
2111 1596 2421 1681 judicium
2476 1598 2646 1681 typis

1153 1696 1467 1766 mandari
1516 1698 1765 1782 caepit,
1843 1698 2190 1760 indicatum
2260 1700 2647 1762 Pinkertoni

1161 1825 1324 1887 opus
1363 1802 1523 1863 mihi
1555 1804 1748 1885 plane
1787 1802 2079 1884 ignotum
2121 1800 2507 1864 adhuc-fuit.
2566 1803 2649 1863 Il-

1155 1907 1273 1968 lud
1327 1925 1475 1968 cum
1522 1903 1782 1966 nonnisi
1840 1923 2007 1965 anno
2063 1903 2361 1984 proxime
2423 1904 2647 1986 elapso

1157 2008 1388 2090 (1795)
1423 2004 1504 2068 ad
1539 2027 1644 2069 me
1676 2004 1998 2088 perlatum
2032 2017 2230 2082 esset,
2264 2005 2428 2066 nihil
2455 2005 2651 2067 habui

1159 2107 1512 2191 antiquius,
1579 2128 1771 2191 quam
1815 2118 1887 2167 ut
1936 2126 2256 2186 anonymo
2310 2128 2461 2170 meo
2514 2129 2652 2170 mo-

1159 2231 1301 2273 rem
1336 2228 1663 2293 gererem.
1696 2210 1782 2268 Et
1804 2207 1940 2289 legi
1962 2208 2198 2290 cupide
2220 2209 2452 2286 omnia,
2483 2231 2649 2295 quae

1159 2313 1217 2375 is
1260 2308 1702 2374 vir‘erudit'us
1755 2308 1821 2369 in
1872 2308 1992 2371 hac
2037 2329 2228 2371 causa
2276 2310 2650 2393 scripserat,

1162 2435 1438 2497 quorum
1478 2430 1724 2474 summa
1760 2410 1922 2473 haec
1956 2425 2054 2474 est
2086 2411 2267 2491 (Vol.
2289 2415 2338 2477 1.
2371 2435 2436 2496 p.
2458 2416 2650 2496 295):

1157 2516 1287 2598 jam
1333 2514 1483 2578 Iulii
1525 2511 1821 2577 Caesaris
1869 2525 2077 2577 aetate
2122 2514 2250 2576 hoc
2299 2515 2441 2598 ipso
2482 2528 2653 2578 teste

1159 2620 1510 2685 Britannos
1560 2614 1774 2676 numis
1824 2603 2046 2678 aeneis
2095 2634 2279 2693 usos's
2335 2633 2528 2701 atque
2584 2614 2656 2677 id

1162 2739 1368 2803 genus
1422 2738 1658 2779 numos
1713 2715 1864 2777 rudi
1922 2736 2167 2800 opere,
2248 2731 2315 2779 et
2374 2717 2656 2780 admixta

1164 2840 1397 2901 magna
1431 2816 1641 2880 stanni
1681 2816 1983 2898 portione
2026 2838 2224 2899 saepe
2266 2821 2553 2901 reperiri
2586 2821 2657 2881 in

1165 2919 1423 3002 Anglia.
1490 2916 1726 2978 ‘Fuisse
1781 2916 1848 2976 in
1897 2918 2233 2980 Britannia
2293 2920 2677 3004 imperante.

1166 3022 1463 3104 Augusto
1506 3016 1984 3081 Cunobelinum
2030 3019 2500 3084 Trinobantum
2555 3043 2661 3085 re·

1169 3144 1356 3205 gem,
1401 3122 1584 3204 cujus
1615 3119 1789 3181 sorte
1831 3134 2023 3182 erunt
2059 3122 2240 3183 numi
2276 3124 2660 3208 frequentes

1167 3223 1559 3289 Cunobelini
1602 3222 1863 3284 nomine
1908 3222 2238 3306 inscripti,
2294 3246 2440 3287 esse
2490 3226 2663 3288 enim

1168 3325 1551 3399 nonnullos,
1616 3323 1728 3407 qui
1784 3323 2125 3387 Gallicam⁴
2157 3346 2274 3387 eos
2336 3341 2663 3390 monetam

1166 3442 1418 3514 putant.
1463 3428 1680 3489 Unum
1720 3427 2083 3490 alterumve
2126 3425 2373 3489 offerre
2416 3430 2672 3515 epigra-

1170 3530 1348 3615 phen
1387 3529 1632 3604 VEB„
1670 3549 1751 3590 ex
1785 3528 2150 3612 aliquorum
2180 3523 2427 3612 judicio
2457 3533 2671 3598 Veru-

1175 3632 1356 3698 lamii
1394 3629 1638 3715 oppidi.
1682 3628 1865 3692 Idem
1901 3630 2004 3694 vir
2042 3630 2337 3694 eruditus
2375 3653 2456 3695 eo
2496 3633 2668 3712 loco,

1179 3757 1308 3820 quo
1343 3754 1577 3817 regum
1602 3730 1976 3795 Britanniae
2011 3752 2093 3794 ex
2122 3733 2337 3795 numis
2379 3734 2672 3818 cognito·

1178 3860 1332 3900 rum
1363 3836 1723 3917 catalogum
1767 3833 2026 3894 instruit
2066 3837 2248 3914 (Vol.
2281 3838 2359 3900 11.
2393 3857 2457 3919 p.
2482 3839 2670 3918 254),

1180 3949 1491 4004 recenset
1517 3935 1993 3997 Cunobelinum
2017 3979 2034 4008 ,
2064 3936 2171 3997 cui
2201 3936 2377 3999 addit
2404 3937 2669 4021 quidem

1183 4039 1692 4126 Gassibelanum,
1725 4035 2217 4114 etBoadiceam,
2250 4039 2371 4100 sed
2397 4039 2527 4103 fide
2559 4041 2672 4103 du·-

1180 4142 1311 4208 bia.
1372 4144 1446 4202 In
1495 4142 1793 4221 catalogo
1838 4159 2183 4201 numorum
2234 4141 2492 4204 urbium
2537 4163 2670 4205 non

1183 4257 1539 4322 memorat,
1574 4243 1699 4306 nisi
1732 4241 2265 4320 Camalodunum,
2298 4259 2365 4307 et
2396 4246 2674 4312 Verula-

1092 4405 1097 4406 γ
1186 4348 1406 4412 mium.
1450 4341 1755 4431 Denique
1791 4344 1880 4409 ait
1916 4344 2071 4412 alibi
2106 4347 2292 4428 (Vol.
2317 4349 2364 4411 1.
2399 4368 2463 4428 p.
2492 4348 2669 4426 sqlg),

1184 4470 1416 4512 numos
1451 4449 1799 4532 inscriptos
1834 4448 2203 4512 VODISIO
2238 4449 2676 4510 ——CISIAM-

1185 4552 1359 4614 BOS
1394 4563 1514 4613 etc.
1537 4594 1555 4626 ,
1590 4570 1753 4634 quos
1779 4549 2078 4633 plerique
2109 4550 2218 4612 alii
2248 4550 2536 4614 Gallicos
2561 4572 2682 4633 pn«

1118 4707 1125 4712 ,
1188 4666 1361 4728 tant,
1419 4675 1457 4714 a
1502 4650 1833 4732 nonnullis
1883 4650 2256 4714 Britanniae
2304 4652 2677 4738 antiquariis

1188 4754 1436 4838 patriae
1467 4773 1621 4815 suae
1647 4773 1881 4815 numos
1917 4753 2156 4836 putari,
2191 4776 2422 4818 verum
2455 4777 2678 4818 unum-

2749 1618 2958 1658 ,unum
3005 1596 3149 1660 fere
3192 1597 3499 1681 idemque
3539 1615 3708 1658 esse.
3765 1593 3886 1656 Sed
3917 1594 3971 1656 id
4002 1595 4134 1678 ipsun

2751 696 3076 764 quemque
3095 674 3379 762 judicem
3399 674 3838 760 incorruptum
3856 678 4012 742 facile
4027 699 4126 743 eon·

2750 781 3111 858 sessurum,
3153 777 3553 861 Britanniam
3588 778 3697 841 vix
3734 794 3948 855 sextam
3970 782 4126 845 similis

2755 897 3056 959 monetae
3123 894 3375 965 partem
3402 892 3406 895 '
3436 879 3767 945 vindicare
3824 882 3931 944 sibi
3980 904 4127 965 posse.

2754 988 3008 1048 Deesse
3044 984 3110 1044 in
3152 983 3325 1046 hunc
3357 981 3531 1045 diem
3559 1004 3756 1067 opus,
3798 985 3949 1070 quod
3975 985 4131 1046 utrius·

2759 1108 2886 1174 que
2922 1101 3222 1151 monetae
3258 1102 3489 1150 verum
3522 1085 3861 1149 discrimen
3891 1086 4107 1149 doceret.

2817 1230 2818 1233 =
2884 1188 3106 1252 Habes
3134 1189 3275 1267 hic,
3305 1190 3553 1264 lector,
3584 1201 3790 1275 totum
3814 1187 3902 1263 id,
3932 1187 4130 1272 quod&

2760 1290 3008 1377 patriae
3056 1312 3210 1354 suae
3252 1303 3514 1352 moneta
3555 1288 3856 1372 judicavit
3891 1290 4132 1350 Pinkerto-

2759 1414 2906 1469 nus,
2945 1413 3026 1455 ex
3059 1413 3188 1477 quo
3220 1394 3413 1457 facile
3447 1390 3782 1474 intelliges
3809 1390 3950 1473 ipse,
3975 1412 4131 1465 meum,

2761 1515 2835 1557 ac
2868 1494 3106 1556 eruditi
3139 1497 3281 1579 ejus
3305 1495 3434 1562 wiri
3461 1495 3543 1557 de
3578 1494 3681 1555 his
3707 1494 3901 1554 numis
3919 1493 4131 1576 judicium

2762 1712 2892 1775 cst,
2940 1698 3114 1783 quod
3146 1698 3212 1760 in
3246 1699 3654 1781 Pinkertono
3687 1695 4024 1779 improbavit
4046 1715 4133 1756 ano·

2760 1820 3019 1887 nymsus,
3063 1812 3140 1862 ut
3170 1801 3448 1864 vidimus
3477 1802 3546 1861 in
3581 1798 3901 1884 proposita
3928 1796 4034 1879 ejus
4057 1796 4136 1877 epi-

2763 1902 2948 1971 stola.
3012 1902 3102 1963 At
3148 1902 3291 1986 quis
3345 1924 3479 1964 non
3527 1920 3914 1985 magnopere
3956 1897 4135 1960 miretur

2763 1996 3152 2067 insolentem
3198 2004 3338 2088 ejus
3372 2003 3779 2088 disputandi,
3811 2015 4137 2084 argumentan-
4225 2030 4238 2105 f

2766 2107 2962 2190 dique
2984 2106 3293 2169 modum?
3323 2106 3611 2169 Moleste
3641 2104 3904 2188 primum
3925 2104 4140 2180 fert,ccn·
4225 2126 4238 2191 4

2765 2230 2991 2272 suram
3016 2229 3059 2270 a
3078 2230 3179 2271 me
3202 2210 3414 2271 latam
3447 2231 3588 2270 esse
3618 2210 3880 2271 eandem
3905 2208 4010 2271 viri
4030 2206 4138 2266 docti

2767 2311 3197 2387 Piakertoni,
3259 2309 3578 2394 praecipit
3642 2307 3906 2385 deiude,
3954 2303 4136 2390 praecla-

2766 2432 2914 2473 rum
2950 2412 3281 2496 ejus-opus
3311 2425 3382 2474 ut
3410 2412 3783 2487 consulam,
3816 2430 3890 2471 ex
3915 2428 4016 2491 quo
4038 2407 4137 2467 noti·

2770 2517 2938 2576 tiam
2996 2514 3376 2576 absolutam
3427 2515 3807 2596 praesentis
3860 2508 4138 2573 conditionis

2768 2618 2868 2676 rei
2923 2614 3409 2676 Britannorum
3466 2615 3962 2676 numismata-ae
3997 2607 4140 2671 edoce·

2770 2715 2916 2780 bor.
2987 2717 3200 2800 Urget
3245 2715 3453 2778 bonus
3501 2735 3888 2798 anonymus,
3938 2710 4141 2796 jubetque

2772 2839 2878 2880 me
2916 2838 3294 2902 comparare
3334 2819 3534 2881 libros
3574 2817 3929 2900 Anglorum
3968 2830 4143 2894 nuperos

2776 2919 2859 2983 de
2886 2939 2963 2980 re
2994 2920 3463 2983 numismatica.
3505 2919 3834 3004 Equidem
3864 2919 3923 2979 in
3948 2909 4144 2978 beneficii

2776 3022 2930 3084 loco
2964 3037 3323 3105 putassem,
3358 3023 3414 3084 si
3450 3022 3809 3085 certiorem
3841 3040 3936 3083 me
3964 3016 4144 3084 secisse&

2781 3125 2894 3208 qui
2931 3123 3058 3185 sint
3097 3125 3165 3186 hi
3203 3124 3356 3185 libri
3392 3129 3665 3208 nuperi,
3720 3123 3830 3207 qui
3861 3141 4043 3185 eorum
4066 3134 4149 3176 ant·

2779 3239 3000 3303 tores,
3061 3246 3225 3309 quae
3274 3226 3658 3309 inscriptio,
3716 3223 3884 3309 quod
3921 3219 4149 3286 meritum.

2782 3323 2947 3411 quae'
3004 3327 3412 3390 eruditorum
3465 3326 3880 3391 existimatio.
3937 3322 4150 3386 Nimirum

2785 3441 2980 3494 vetus
3013 3428 3177 3492 haec
3215 3443 3316 3492 est
3360 3429 3806 3505 consuetudo,
3856 3449 3966 3514 qua
4005 3415 4154 3487 eruiifi

2787 3529 3101 3603 distantes
3149 3532 3511 3595 studiorum
3556 3553 3826 3596 suorum
3864 3527 4038 3593 socios
4065 3520 4154 3584 edo·

2787 3645 2969 3709 cent,
3007 3633 3168 3717 quid
3194 3634 3366 3717 apud
3401 3657 3471 3698 se
3503 3657 3772 3699 suorum
3799 3620 4155 3716 ingeniainlu·

2787 3755 2933 3798 cem
2969 3736 3417 3817 provexerint.
3461 3739 3612 3800 Non
3650 3737 3904 3811 sicine,
3927 3717 4019 3796 sed
4047 3720 4155 3786 dissi·

2787 3840 3034 3900 mulato
3047 3858 3165 3900 suo
3181 3838 3519 3902 arbitrium
3539 3860 3733 3902 omne
3751 3834 3993 3900 librario
4001 3827 4155 3892 Eduar*

2788 3938 2874 4001 do
2910 3939 3269 4022 permittit,
3314 3940 3425 4024 qui
3462 3964 3499 4003 a
3532 3962 3636 4004 me
3677 3937 4057 4020 compellatus
4081 3942 4155 3985 ποῦ

2789 4040 3067 4106 cessabit
3104 4040 3184 4104 ad
3220 4063 3326 4104 me
3363 4043 3626 4106 mittere
3667 4057 3741 4106 ut
3775 4041 3991 4126 optima
4017 4033 4063 4094 in
4085 4027 4158 4089 bot
4237 4019 4238 4040 ¹

2787 4157 3207 4226 argumento,
3253 4144 3347 4206 sic
3385 4157 3452 4206 et
3483 4146 3764 4227 pessima
3801 4154 4064 4228 quaeque.
4096 4130 4161 4189 At·

2787 4245 2901 4332 qui
2939 4259 3008 4309 et
3045 4246 3438 4330 posterioris
3468 4247 3659 4330 hujus
3691 4243 3945 4330 generis
3972 4244 4161 4301 monstrt

2787 4347 2966 4411 nasei
2998 4348 3066 4410 in
3104 4348 3247 4411 solo
3281 4348 3680 4425 Britannico,
3716 4343 4075 4425 adonaique,
4097 4332 4164 4392 ὼ·

2790 4449 2987 4512 bitari
3020 4452 3278 4534 nequit,
3324 4450 3378 4512 si
3410 4472 3640 4515 verum
3677 4464 3808 4525 est,
3854 4443 4003 4531 quod
4031 4451 4166 4518 ”uim

2792 4551 3066 4616 candide
3098 4553 3434 4637 professus
3461 4566 3560 4615 est
3574 4552 3987 4614 Pinhertonus
4001 4533 4166 4626 (Vol-¹⁶

2793 4677 2858 4739 p.
2893 4656 3044 4736 38):
3099 4678 3223 4718 cur
3264 4656 3592 4736 antiquist
3633 4654 3879 4717 cxceed
3910 4656 3976 4714 in
4006 4643 4172 4708 vision:
4237 4733 4238 4736 Ἴ

2800 4759 2935 4820 aad
2966 4778 3327 4821 mon-tense.
3667 4767 3682 4772 ’
4237 4741 4238 4750 ¹
