4388 5576
901 451 1045 525 348

894 621 1017 683 bus
1062 633 1331 699 agemus
1374 609 1611 675 serius.
1702 598 1863 671 Cum'
1922 607 2077 672 olim
2132 608 2395 674 videret

897 734 1195 793 senatus,
1229 714 1526 778 incidere
1561 730 1755 793 posse
1791 724 2116 792 tempora,
2158 712 2391 797 quibus

896 818 1260 889 consularis
1315 828 1603 899 potestas
1664 812 1747 876 ad
1804 816 2173 896 praesentia
2219 816 2393 897 peri-

897 925 1045 991 cula
1090 919 1399 984 sufficere
1455 938 1589 982 non
1644 914 2014 990 videretur,
2069 915 2388 994 decrevit,

900 1047 1049 1093 cum
1095 1044 1203 1085 res
1246 1020 1645 1104 postularet,
1704 1017 1902 1081 alium
1949 1017 2394 1100 magistratum

899 1145 1161 1202 creare,
1227 1142 1421 1207 quem
1459 1119 1843 1184 dictatorem
1879 1119 2215 1202 appellare
2261 1120 2395 1203 pla·

898 1231 1070 1303 cuit,
1133 1244 1340 1310 penes
1378 1245 1574 1307 quem
1607 1222 1769 1285 belli
1805 1223 2110 1308 pacisque
2152 1236 2220 1284 et
2243 1212 2395 1285 jom-

898 1330 1083 1391 nium
1108 1329 1378 1391 aliarum
1406 1345 1631 1387 rernm
1661 1325 1854 1406 plena
1881 1337 2165 1408 potestas
2196 1335 2392 1400 esset,

900 1443 971 1494 et
1006 1453 1043 1493 a
1075 1449 1203 1512 quo
1242 1428 1666 1490 consiliorum
1711 1426 2163 1509 factorumque
2201 1426 2398 1489 ratio·

900 1552 1058 1596 nem
1103 1549 1460 1613 reposcere
1505 1548 1636 1590 non
1684 1528 1958 1604 liceret,
2015 1518 2218 1606 ἔτι-ρειὺ
2258 1549 2397 1587 τινα

898 1632 1098 1716 ἀρχην
1133 1624 1446 1709 ἀπσδειξαι
1493 1634 1726 1712 πολεμυ
1756 1651 1828 1691 τε
1854 1653 1959 1699 ,και
1990 1626 2249 1708 femme,
2294 1651 2394 1690 ’και

898 1755 1127 1808 ’taarog
1153 1732 1317 1796 ἄλλα
1338 1754 1708 1816 πραγματος
1734 1752 1959 1817 κυριςιν,
1989 1724 2397 1809 durateus-oea

901 1860 1003 1895 και
1033 1832 1450 1911 α’νυπευθυνον,
1496 1831 1572 1895 ὧν
1609 1831 1679 1894 σίν
1709 1836 1984 1908 ’βυληται
2032 1856 2130 1894 και
2178 1831 2395 1915 πραξῃ,

899 1951 974 2001 ut
1027 1938 1115 1999 ait
1162 1935 1512 2017 Dionysius
1547 1930 1763 1998 Halic.
1795 1935 1877 2015 ⁸).
1962 1933 2161 2018 Atqui
2206 1955 2400 2015 supra

905 2061 989 2104 ex
1035 2039 1254 2100 Dione
1319 2036 1632 2110 vidimus,
1695 2033 1818 2096 etsi
1856 2034 2129 2111 'sublato
2175 2055 2213 2097 e
2258 2056 2398 2117 rep.

899 2141 1083 2223 regis
1126 2158 1200 2201 ac
1257 2137 1589 2200 dictatoris
1641 2135 1940 2210 nomine,
1982 2147 2199 2197 tamen
2245 2137 2401 2195 utri·

900 2261 1110 2329 usque
1180 2240 1539 2324 potentiam
1598 2237 1664 2299 in
1734 2236 2147 2319 imperatoris
2206 2236 2398 2296 titulo

903 2342 1174 2408 includi.
1261 2329 1446 2421 Ergo
1490 2338 1543 2400 si
1581 2340 1894 2402 Caesares
1938 2356 2128 2400 causa
2176 2338 2399 2401 collati

900 2443 1175 2507 honoris
1217 2440 1626 2523 imperatorii
1660 2439 1822 2502 belli
1864 2440 2206 2523 pacisque,
2264 2460 2400 2501 om-

903 2548 1214 2629 niumque
1275 2564 1500 2605 rerum
1563 2542 1752 2605 fuere
1814 2541 2076 2617 arbitri,
2135 2541 2190 2602 si
2250 2562 2418 2624 qua-2

905 2667 1163 2732 cunque
1203 2645 1271 2705 in
1308 2664 1381 2723 re
1419 2644 1663 2726 judicio
1709 2662 1838 2706 non
1880 2642 2071 2738 fuere
2109 2640 2398 2717 obnoxii,

905 2749 1320 2815 manifestum
1378 2745 1601 2830 utique
1664 2758 1796 2820 est,
1858 2765 2005 2809 cum
2060 2744 2115 2805 is
2175 2741 2398 2805 titulus

905 2851 1218 2923 accessit,
1276 2846 1680 2931 principibus
1732 2868 1857 2908 una
1915 2868 2170 2910 merum
2217 2846 2403 2934 abso-

903 2955 1247 3033 lutumque
1291 2947 1676 3032 imperium,
1718 2962 1787 3012 ut
1821 2950 1911 3012 ait
1944 2947 2394 3032 spanhemius,

906 3054 1281 3120 accessisse.
1626 3129 1635 3134 -
1716 3051 1727 3060 “

1030 3158 1214 3218 Haec
1276 3164 1421 3217 utut
1468 3150 1666 3233 plana
1724 3167 1875 3217 sunt
1927 3173 2002 3215 ac
2047 3149 2398 3224 evidentia,

904 3271 974 3322 et
1021 3279 1057 3320 a
1106 3256 1266 3317 viris
1324 3255 1584 3318 coaevis
1639 3256 2168 3338 gravissimisque
2224 3273 2400 3317 com·

903 3358 1208 3445 probata,
1256 3355 1447 3420 fuere
1497 3370 1743 3434 tamen,
1789 3357 1900 3441 qui
1954 3355 2035 3417 de
2081 3357 2228 3437 jure
2283 3353 2402 3416 im-

904 3461 1240 3547 peratorio
1276 3459 1612 3534 subtilius,
1657 3479 1730 3521 ac
1762 3456 2120 3540 speciosius
2144 3502 2160 3532 ,
2209 3465 2417 3540 quam'

902 3564 1160 3640 verius,
1221 3562 1661 3643 solidiusque,
1719 3560 1945 3621 saltem
1990 3572 2063 3621 ut
2104 3559 2265 3622 mihi
2313 3559 2404 3622 vi-

905 3665 1178 3742 deatur,
1243 3664 1681 3747 disputavere.
1769 3663 1941 3725 Ante
2005 3679 2207 3725 annos
2241 3681 2398 3736 ,non

848 3845 851 3850 y
904 3769 1149 3832 multos
1209 3765 1545 3826 Bleterius
1590 3763 1854 3836 Gallus,
1921 3762 2022 3829 vir
2083 3762 2400 3839 eruditus,

903 3880 1246 3933 tractatum
1294 3865 1464 3928 bene
1509 3865 1781 3943 longum
1843 3863 2270 3946 conscripsit,
2332 3865 2401 3927 in

905 3991 1037 4055 qno
1077 3966 1414 4050 repudiata
1459 3985 1693 4028 eorum
1737 3957 2093 4039 senientia,
2143 3964 2255 4046 qui
2288 3986 2401 4047 po·

903 4073 1157 4136 liticum
1205 4068 1328 4132 sub
1370 4066 1875 4148 imperatoribus
1922 4067 2221 4148 regimen
2269 4087 2407 4129 mo-

903 4173 1282 4237 narchicum
1344 4167 1725 4244 credidere,
1784 4169 2216 4254 comprobare
2263 4168 2404 4230 niti·

906 4290 1050 4353 tur,
1092 4295 1227 4339 non
1263 4271 1467 4337 fuisse
1502 4272 1664 4334 iliud
1700 4270 1824 4334 nisi
1859 4272 2404 4348 aristocraticum‚

910 4379 1095 4462 cuius
1161 4397 1505 4461 supremus
1580 4376 1954 4460 praefectus
2024 4373 2204 4437 'aliud
2272 4394 2404 4438 non

906 4480 1147 4558 fuerit,
1190 4501 1380 4566 quam
1422 4481 1596 4542 inter
1631 4477 2044 4563 magistratus
2080 4477 2239 4542 alios
2276 4478 2405 4563 pri·

974 4692 1048 4763 a)
1086 4686 1151 4746 1..
1189 4686 1261 4748 V.
1300 4707 1437 4764 pag.
1476 4681 1608 4752 ³33.

1811 4684 1879 4758 b)
1920 4686 1984 4744 Β.
2025 4685 2088 4741 L.
2129 4686 2298 4743 Mem.
2339 4686 2504 4744 Tom.
2544 4684 2789 4746 XXVII.
2832 4705 2967 4764 pag.
3005 4693 3136 4750 438.

2172 425 2560 535 CAPVT
2624 428 2755 501 111.

2508 592 2683 685 mus,
2729 608 2842 696 qui
2873 627 2998 692 ope
3027 627 3366 672 munerum
3398 606 3994 674 diversissimorum

2507 712 2633 775 sibi
2668 712 3116 796 subjectorum
3148 710 3229 772 ad
3259 712 3759 796 opprimendum
3795 735 4004 797 popu·

2505 813 2642 875 lum
2693 817 2846 901 satis
2894 813 3018 875 fuit
3068 813 3347 890 validus,
3410 814 3729 878 obnoxius
3781 829 4000 879 tamen

2503 915 2750 999 judicio
2794 912 3052 998 populi,
3102 915 3361 999 quando
3406 916 3560 980 huic
3605 918 3775 981 vires
3810 936 3998 1001 prae·

2510 1031 2611 1080 sto
2663 1016 2881 1087 fuere,
2932 1015 3165 1100 quibus
3204 1017 3303 1098 jus
3350 1039 3539 1097 suum
3582 1032 3880 1082 tueretur
3906 1017 4003 1103 ιὖ).

2506 1121 2594 1181 At
2631 1137 2791 1181 vero
2827 1118 2881 1177 si
2928 1117 3046 1179 hac
3086 1119 3233 1202 lege
3278 1120 3667 1202 imperatum
3715 1121 3839 1195 fuit
3869 1124 4014 1184 Ro⁴

2507 1238 2689 1294 mae,
2737 1240 2845 1282 me
2898 1219 3115 1300 judice
3172 1223 3536 1302 praestabat
3588 1223 3853 1300 dicere,
3893 1224 4000 1307 jus

2506 1321 2801 1384 fortioris
2850 1342 3220 1405 supremam
3259 1322 3459 1385 fuisse
3504 1325 3872 1408 imperandi
3907 1324 4005 1388 le·

2509 1444 2693 1505 gem,
2750 1436 2942 1509 atque
3001 1425 3240 1489 eodem
3295 1438 3486 1506 pacto
3545 1426 3828 1510 probare
3886 1446 4006 1510 po·

2509 1539 2715 1602 terat,
2777 1526 3078 1608 regimen
3114 1528 3181 1589 in
3221 1527 3431 1589 Gallia
3471 1550 3584 1591 sua
3618 1550 3747 1592 non
3795 1529 4000 1607 fuisse

2508 1628 3039 1704 mount-chinum,
3103 1630 3249 1711 quia
3309 1649 3520 1710 nuper
3580 1632 3854 1715 populus
3900 1653 4005 1696 re·

2511 1731 2756 1793 vocatis
2792 1732 2952 1808 suis,
3001 1746 3073 1794 ut
3110 1731 3356 1814 ajebat,
3400 1731 3650 1811 juribus
3684 1735 4001 1817 populare

2511 1833 2813 1916 regimen
2857 1834 3124 1927 invexit.
3213 1832 3660 1923 Quaecunque
3701 1822 3820 1898 suit
3855 1857 4004 1899 cau·

2509 1954 2612 2012 sa,
2672 1954 2791 1996 cur
2829 1935 3297 2017 imperatorum
3344 1947 3631 2017 potestas
3668 1937 4005 2017 praevale*

2508 2047 2652 2110 ret,
2713 2055 2832 2097 seu
2887 2037 3034 2119 jure
3087 2037 3260 2100 istud
3311 2037 3587 2112 factum,
3648 2054 3765 2099 seu
3821 2058 4006 2100 usur·

2512 2138 2813 2218 patione,
2888 2153 2953 2201 et
3014 2139 3344 2221 ingratiis,
3409 2152 3662 2200 certum
3725 2153 3861 2214 est,
3921 2138 4003 2203 ab

2513 2237 2592 2297 iis
2639 2238 2888 2314 libere,
2949 2243 3074 2304 etsi
3117 2264 3151 2304 a
3196 2241 3364 2302 Iulio
3411 2242 3723 2317 Caesare,
3783 2244 4006 2323 Augu-

2513 2352 2656 2415 sto,
2703 2324 2975 2403 Tiberio
3016 2341 3301 2416 cautius,
3347 2342 3547 2403 fuisse
3592 2342 4001 2422 imperatum,

2516 2441 2707 2543 et·ab
2769 2456 3001 2504 eorum
3053 2443 3277 2505 indole
3318 2461 3391 2505 ac
3435 2442 3702 2525 ingebio
3761 2464 4004 2529 pepen-

2515 2542 2722 2618 disse,
2785 2557 3002 2605 utrum
3049 2543 3316 2606 mallent
3360 2542 3441 2605 ad
3480 2543 3822 2607 arbitrium
3867 2565 4006 2609 sae*

2514 2644 2694 2716 vire,
2741 2663 2936 2725 quam
2973 2659 3227 2727 patrum
3282 2644 3805 2727 conscriptorum
3858 2667 4006 2710 sen-

2512 2744 2749 2808 tentias
2820 2744 3039 2828 aliquo
3115 2743 3442 2808 habendas
3517 2746 3670 2809 loco
3748 2759 4006 2829 putare.

2513 2846 2679 2940 Quis
2733 2847 3108 2927 negaverit,
3184 2868 3261 2910 ea
3320 2848 3388 2909 in
3446 2847 3724 2928 regione
3787 2849 4010 2932 perfe-

2514 2962 2684 3011 ctam
2724 2946 3218 3011 existimandam
3255 2948 3728 3027 monarchiam,
3776 2950 3840 3010 in
3881 2971 4009 3034 qua

2513 3070 2680 3112 unus
2723 3049 3029 3133 idemque
3075 3050 3206 3128 vir„
3273 3070 3660 3135 quocunque
3717 3053 4009 3114 eminen-

2514 3152 2643 3213 tiae
2690 3149 2813 3211 sibi
2858 3150 3163 3215 decretae
3207 3154 3514 3230 nomine,
3578 3145 3802 3236 legum
3861 3155 4003 3218 sive
4041 3163 4046 3166 ’

2514 3253 3088 3335 antiquandarum,
3160 3253 3297 3316 sive
3359 3254 3793 3338 rogandarum
3855 3274 4005 3337 per-

2513 3354 3104 3440 ferendarumque,
3149 3355 3426 3439 regendi
3457 3357 3721 3431 aerarii,
3769 3355 4006 3418 ducen-

2516 3459 2583 3519 di
2640 3456 3003 3530 exercitus,
3065 3454 3227 3517 belli
3285 3457 3625 3541 pacisque,
3684 3471 3752 3520 et
3803 3458 4007 3519 sanci·
4047 3487 4062 3495 ·

2516 3557 2837 3624 endorum
2907 3556 3253 3620 foederum
3324 3559 3521 3622 babet
3594 3572 4003 3641 potestatem,

2516 3680 2713 3742 quam
2751 3658 3013 3745 quidem
3047 3657 3366 3723 'summam
3405 3661 3608 3724 fuisse
3646 3681 3849 3742 penes
3890 3663 4008 3724 im·

2515 3775 2857 3842 peratores
2881 3763 3209 3823 Romanos
3236 3763 3377 3845 quis
3409 3763 3571 3825 ausit
3599 3764 3697 3824 ire
3725 3761 4002 3825 infitias?

2515 3860 2761 3943 Negari
2836 3861 3099 3945 nequit,
3167 3862 3369 3925 fuisse
3444 3863 3731 3928 honores
3814 3883 4005 3949 quos-

2519 3963 2667 4025 dam
2729 3982 2805 4024 ac
2862 3963 3114 4038 titulos,
3176 3965 3288 4048 qui
3343 3977 3415 4025 ut
3474 3966 3598 4027 rati
3655 3966 3852 4048 vulgo
3894 3964 4005 4028 ha·

2518 4065 2875 4142 berentur,
2920 4086 3005 4129 ex
3049 4079 3276 4129 vetere
3320 4085 3506 4129 more
3551 4082 3810 4130 senatus
3841 4086 4004 4130 con·

2520 4168 2693 4231 sulto
2736 4166 2998 4231 fuerant
3041 4167 3476 4244 decernendi,
3514 4169 3697 4252 cujus
3742 4171 4007 4255 generis

2520 4271 2710 4333 fuere
2748 4270 3281 4335 consecrationes
3323 4272 3713 4355 principum.
3754 4274 3842 4337 At
3874 4289 4007 4334 non

2522 4370 2797 4434 deerant
2852 4373 3160 4456 Augusti,
3224 4374 3335 4458 qui
3393 4389 3462 4436 et
3514 4374 3628 4436 has
3685 4371 4010 4454 negabant

2519 4498 2559 4541 a
2601 4496 2715 4539 sua
2759 4476 3147 4542 conferendi
3188 4488 3510 4562 potestate
3555 4495 3701 4539 esse
3727 4475 4005 4550 alienas.
