4388 5576
955 466 1064 543 *22

950 635 1298 704 'cularibus
1344 631 1639 696 ‘obstare
1706 631 2017 696 disertam
2098 635 2465 701 orationem

972 738 1253 816 Zosimi,
1314 735 1462 821 qui,
1521 754 1668 799 cum
1728 749 1989 821 tempus
2043 737 2258 821 ipsum
2303 734 2468 799 adsi·

898 896 911 906 .
976 855 1169 928 gnat,
1215 859 1345 954 quo
1389 851 1540 921 post
1581 836 1981 902 Diocletiani
2023 855 2092 904 et
2134 837 2469 903 Maximia-

967 945 1040 1008 ni
1083 940 1431 1026 imperium
1478 939 1861 1003 celebrandi
1882 936 2468 1023 fuere,hoc1pso

970 1048 1188 1131 palam
1252 1042 1483 1118 docet,
1555 1063 1673 1104 eos
1739 1043 1909 1105 intra
1972 1043 2208 1106 horum
2266 1045 2474 1126 impe·

973 1151 1143 1235 rium
1196 1159 1376 1209 actos
1426 1162 1558 1205 non
1617 1144 1855 1223 fuisse,
1918 1159 1986 1208 et
2033 1147 2089 1206 si
2141 1151 2271 1208 acti
2316 1136 2472 1206 fuis-

976 1264 1161 1326 sent,
1206 1269 1285 1311 an
1334 1228 1506 1307 istud
1541 1246 1820 1333 fugisset
1858 1245 2193 1309 hominem
2231 1246 2471 1309 ho'rum

972 1352 1286 1416 ludorum
1369 1348 1817 1431 superstitioni
1909 1363 2041 1412 tam
2124 1348 2472 1465 pertinaci-

976 1469 1083 1517 ter
1121 1449 1493 1516 addictum?
1539 1452 1787 1512 Tamen
1824 1472 2068 1544 numus·
2102 1449 2212 1513 hic
2256 1446 2471 1533 singu-

974 1558 1157 1632 laris,
1192 1578 1225 1617 a
1257 1566 1385 1635 quo
1419 1551 1632 1614 omnis
1664 1553 2046 1637 longissime
2084 1548 2268 1614 abest
2300 1553 2473 1615 frau-

977 1658 1079 1721 dis
1109 1653 1427 1740 suspicio,
1471 1667 1649 1716 actos
1678 1644 1878 1718 fuisse
1915 1654 2037 1717 hos
2065 1654 2259 1717 ludos
2287 1676 2478 1739 aperq

952 1776 1043 1824 ·te
1094 1770 1400 1833 testatur,
1460 1776 1624 1839 quos
1670 1758 1874 1821 fuisse
1922 1759 2293 1820 saeculares
2338 1764 2473 1820 non

977 1858 1338 1946 epigraphe
1408 1860 1637 1932 modo,
1721 1861 1839 1922 sed
1898 1873 1966 1923 et
2013 1873 2205 1942 typus
2272 1860 2470 1943 cippi,

976 1963 1115 2064 (Ῑύἰ
1119 1963 1291 2023 idem
1338 1974 1403 2022 et
1434 1960 1499 2020 in
1535 1960 1992 2047 Philipporum
2034 1962 2250 2025 numis
2284 1962 2473 2025 ludo·

972 2080 1120 2135 rum
1167 2062 1595 2126 saecularium
1651 2065 2018 2170 symbolum
2080 2079 2215 2142 est,
2276 2065 2473 2149 plane

971 2165 1394 2253 persuadent.

898 2268 907 2283 ³
1020 2318 1035 2327 ,
1101 2273 1196 2341 At
1246 2267 1419 2345 enim
1470 2284 1605 2327 non
1656 2266 1839 2328 solus
1894 2265 2002 2329 hic
2056 2281 2161 2330 est
2214 2290 2470 2346 numus,

976 2370 1091 2456 qui
1125 2383 1304 2432 actos
1348 2366 1568 2431 alieno
1608 2379 1910 2451 tempore
1950 2371 2357 2447 saeculares,
2404 2386 2473 2434 et

975 2471 1320 2549 silentibus
1355 2469 1594 2532 iterum
1631 2471 1961 2532 historicis
1998 2484 2294 2538 testatur.
2340 2475 2473 2537 Ha-

971 2574 1090 2637 bet
1127 2562 1422 2634 museum
1463 2572 1855 2635 Caesareum
1887 2573 2077 2638 binos
2116 2589 2471 2658 argenteos

973 2673 1263 2759 Gallieni
1319 2694 1591 2749 numos,
1648 2675 1715 2735 in
1750 2667 2053 2759 'quorum
2100 2699 2233 2741 uno
2281 2678 2475 2739 SAE-

975 2776 1404 2847 CVLARES.
1476 2777 1687 2844 AVG.
1765 2777 2039 2863 legitur,
2117 2780 2184 2841 in
2257 2780 2472 2843 altero

971 2880 1253 2943 barbare
1301 2873 1902 2947 SAECVLARHS.
1937 2882 2179 2960 AVG„
2224 2883 2474 2962 utrobi-

968 3004 1105 3068 que
1167 2995 1301 3068 est·
1322 2995 1521 3064 typus
1557 2983 1739 3047 cervi
1784 2984 2049 3060 stantis,
2115 2997 2181 3046 et
2225 2985 2293 3044 in
2337 2985 2471 3047 imo

845 3135 849 3139 »
966 3086 1229 3170 ‚palmae
1288 3079 1523 3168 ramus,
1617 3085 1857 3150 Refert
1899 3084 2305 3163 Bandurius,
2365 3087 2473 3149 cui

970 3200 1254 3271 uterque
1300 3185 1408 3248 hic
1454 3208 1687 3250 numus
1723 3192 2020 3273 cognitus
2059 3188 2217 3264 fuit,
2262 3180 2469 3253 visum

972 3287 1347 3364 nonnullis,
1389 3300 1643 3354 temere
1684 3290 1970 3353 Gallieni
2017 3310 2220 3354 numo
2271 3290 2472 3375 adpli-

975 3404 1182 3467 catam
1227 3409 1551 3469 aversam‘,
1598 3412 1762 3478 quae
1808 3392 1890 3456 ad
1933 3393 2278 3477 Philippos
2323 3414 2473 3477 per-

972 3492 1239 3555 tineret.
1328 3494 1579 3561 Verum
1656 3497 1767 3581 qni
1844 3493 2017 3559 istud
2095 3495 2471 3575 credidere,

970 3617 1107 3659 non
1169 3595 1660 3678 expenderunt,
1723 3600 1789 3659 in
1822 3583 2294 3685 *Philipporum
2355 3623 2473 3661 nu-

1782 3702 1798 3718 '
1834 3773 1841 3782 ⁸
1873 3701 2470 3769 SAECVLA‘RES.

971 3698 1097 3760 mis
1159 3712 1534 3763 constanter
1601 3701 1801 3764 scribi

973 3797 1274 3875 AVGG„
1320 3802 1650 3882 geminato
1694 3802 1952 3866 scilicet
1993 3803 2086 3880 G,
2133 3817 2201 3866 et
2241 3803 2310 3862 in
2355 3802 2466 3865 ho-

842 3947 845 3964 .
972 3920 1125 3962 rum
1180 3900 1331 3961 ima⁴
1369 3916 1555 3983 parte
1608 3923 1732 3987 pro
1775 3904 2032 3987 palmae
2074 3925 2260 3966 ramo
2305 3924 2474 3967 sem·

964 4021 1101 4087 per
1144 4019 1530 4087 comparere
1576 4020 1793 4069 notam
1838 4005 2117 4090 aliquam
2163 4006 2472 4071 arithme-

973 4103 1210 4181 ticam,
1265 4124 1483 4190 neque
1542 4106 1608 4168 in
1671 4108 1906 4171 horum
1972 4108 2189 4193 aliquo
2246 4129 2476 4193 reper-

974 4219 1116 4285 tum
1145 4193 1460 4271 hactenus
1490 4208 1841 4271 barbarum
1871 4211 2472 4304 SAECVLARHS.

974 4307 1177 4392 Atqui
1205 4307 1260 4370 si
1293 4310 1478 4375 voles
1509 4325 1863 4398 utrumque
1892 4333 2243 4390 canonem,
2276 4333 2472 4400 quem

853 4467 866 4477 .
978 4413 1174 4493 supra
1218 4415 1531 4497 exposui,
1575 4414 1864 4479 Gallieni
1911 4416 2322 4502 temporibus
2366 4418 2474 4482 ad-

1810 432 1813 437 ·
1901 444 2686 526 MAXIMIANVS
2776 392 3195 547 amics
3282 386 3285 424 ³

3551 554 3564 587 1

2583 627 3041 704 commodare,
3098 626 3446 712 utrinque,
3505 649 3630 695 ceu
3673 631 3739 694 in
3785 636 4090 702 Maximi·

2582 753 2740 809 ano,
2784 728 3198 795 adhaerebis.

2709 834 2845 895 Iam
2891 852 3088 911 vero,
3132 846 3206 894 ut
3245 852 3328 895 ex
3376 834 3718 920 utriusque
3755 838 4094 923 impersn-
4191 876 4202 887 ⁸

2581 935 2668 997 tis
2708 936 2922 999 numis
2970 936 3181 1018 palam
3234 932 3340 1010 fit,
3383 934 3465 997 ab
3517 944 3799 1026 utroque
3845 961 4092 1007 munus

2586 1038 2926 1101 saeculare
2970 1038 3174 1100 fuisse
3205 1035 3501 1116 editum,
3547 1041 3640 1103 sic
3682 1063 3873 1125 quam
3905 1059 4097 1109 uter·

2589 1160 2717 1225 que
2756 1142 2824 1202 in
2855 1154 3224 1223 temporum
3264 1142 3520 1204 ratione
3567 1158 3831 1207 secutus
3873 1148 3957 1209 sit
3991 1148 4098 1211 le·

2589 1240 2739 1327 gem
2763 1286 2780 1318 ,
2814 1256 2943 1305 tam
2974 1264 3199 1326 parum
3235 1234 3453 1326 potes}
3484 1243 3847 1325 adfirmari,
3889 1271 4088 1333 quam

2590 1358 2693 1408 est
2741 1364 3027 1427 pronum
3068 1345 3384 1422 credere,
3454 1369 3646 1410 unam
3696 1350 3959 1436 utrique
4011 1354 4092 1416 li-

2587 1444 2881 1508 bidinem
2939 1467 3013 1510 ac
3067 1450 3608 1530 superstitionem
3667 1435 3838 1535 legis
3882 1455 4099 1520 instar

2587 1548 2815 1613 fuisse.
2905 1549 3074 1612 Sane
3123 1564 3188 1612 et
3231 1568 3356 1612 una
3404 1549 3609 1614 libido
3655 1553 3917 1637 impulit
3957 1558 4097 1622 Ne-

2587 1673 2859 1729 ronem,
2939 1665 3045 1728 ut,
3109 1652 3286 1734 quod
3325 1650 3564 1737 ‘refert
3620 1654 3972 1720 Suetonius
4005 1662 4101 1742 ⁸),

2589 1773 2738 1816 cum
2791 1756 2860 1815 in
2910 1753 3253 1816 Graeciam
3300 1754 3668 1837 trajiceret,
3715 1761 4090 1825 *certamina

2590 1854 2905 1939 deinceps
2967 1853 3186 1918 obiret
3229 1856 3479 1933 omnia,
3547 1871 3613 1920 et
3656 1845 3821 1944 quae
3868 1861 4089 1926 diver-

2587 1954 2995 2019 sissimorum
3059 1971 3433 2041 temporum
3495 1960 3720 2038 fuere,
3798 1964 3950 2047 cogi
4015 1966 4090 2028 in

2587 2080 2788 2120 unum
2831 2081 3068 2121 annum
3112 2060 3396 2143 juberet.
3485 2062 3689 2126 Forte
3743 2065 4098 2147 conjector

2585 2182 2996 2246 nequaquam
3039 2183 3240 2226 vanus
3287 2161 3601 2241 videbor,
3662 2166 3718 2227 si
3764 2170 4087 2254 suspicer,
4163 2222 4169 2226 ,

2586 2262 2910 2346 placuisse
2983 2262 3300 2327 ambobus
3370 2266 3715 2350 Augustis,
3805 2292 4090 2355 quorum

2589 2364 2890 2449 cognitus
2925 2360 3067 2429 erat
3096 2367 3164 2426 in
3209 2380 3506 2431 veterem
3552 2372 4093 2455 superstitionem

2587 2464 2819 2543 furor,
2874 2469 3270 2532 contrahere
3315 2472 3501 2554 longi
3543 2474 3808 2536 saeculi*
3837 2489 4098 2561 tempo·

2588 2590 2696 2645 ra,
2759 2568 3034 2652 ejusque
3097 2573 3322 2654 elapso
3381 2572 3655 2640 dimidio
3697 2594 3918 2639 sacros
3963 2580 4104 2643 hos

2588 2670 2781 2745 ludos
2825 2673 3088 2736 iterare.
3177 2674 3356 2767 Istud
3402 2675 3456 2737 si
3502 2675 3825 2755 dabimus,
3889 2680 4105 2744 facile

2553 2773 3000 2859 fquadrabunt
3045 2790 3362 2862 tempora.
3438 2778 3597 2863 Egit
3642 2780 3930 2850 Severus
3973 2805 4096 2866 po-

2589 2890 2872 2941 stremos
2918 2881 3289 2943 saeculares
3335 2882 3598 2943 canonis
3643 2885 3966 2967 Augustei
4007 2888 4091 2956 V.

2590 2983 2661 3043 C.
2708 2985 2858 3066 957.
2924 2980 3116 3044 Adde
3161 2981 3303 3084 ejus
3349 2972 3686 3066 dimidium
3732 3007 3934 3051 annos
3979 2991 4104 3066 55,

2587 3083 2860 3147 habebis
2922 3105 3157 3147 annum
3221 3085 3302 3153 V.
3349 3088 3418 3148 C.
3475 3106 3674 3164 1012,
3743 3110 3872 3172 quo
3934 3091 4097 3155 Gal-

2586 3185 2804 3248 lienus
2861 3187 3230 3253 numeravit
3284 3187 3436 3249 trib.
3491 3201 3882 3273 potestatem
3937 3194 4093 3261 Vlr.

2587 3288 2822 3372 Neque
2899 3288 3137 3351 desunt
3175 3306 3629 3375 argumenta,
3706 3313 3872 3377 quae
3951 3298 4098 3381 opi-

2586 3389 2851 3451 nionem
2899 3393 3064 3454 hanc
3106 3392 3387 3455 reddant
3429 3395 3879 3462 verisimilem.
3918 3399 4102 3462 Con·

2587 3504 2744 3569 stat,
2807 3492 2927 3556 sub
2992 3477 3225 3556 eadem
3272 3485 3437 3558 haec
3483 3508 3781 3579 tempora
3826 3515 4103 3583 captum

2587 3618 2624 3657 a
2698 3595 2922 3657 Persis
3017 3610 3306 3680 patremae
3350 3599 3807 3678 Valerianum,
3900 3607 4110 3688 cujus

2587 3699 2763 3760 forte
2808 3698 3089 3783 imperio
3125 3701 3501 3787 ‘gravissimi
3538 3715 3959 3769 casus‘causa
4008 3708 4102 3773 ad

2587 3799 2968 3884 placandam
3027 3802 3302 3882 deorum
3361 3804 3524 3867 iram
3563 3799 3879 3872 ,arcessiti
3935 3825 4101 3874 sunt

2585 3926 2623 3966 a
2696 3902 3000 3967 Gallieno
3076 3905 3219 3970 ludi
3293 3908 3814 3996 extraordinarii.
3898 3908 4100 3977 Idem

2589 4005 2878 4074 calculus
2945 4008 3325 4086 Maximiani
3400 4031 3661 4095 quoque
3719 4010 4103 4076 ‘saeculari-

2589 4108 2713 4173 bus
2785 4110 2981 4176 favet.
3069 4112 3263 4174 Anno
3328 4112 3409 4179 V.
3476 4113 3548 4177 C.
3602 4132 3753 4175 soon
3835 4118 4106 4198 peracti

2589 4227 2741 4275 sunt
2825 4236 2862 4276 a
2949 4214 3274 4298 Philippis
3364 4215 3734 4279 saeculares
3819 4219 4114 4282 canonis

2590 4315 2951 4382 Claudiani.
3039 4316 3232 4382 Adde
3300 4317 3493 4399 hujus
3567 4316 3950 4392 dimidium,
3984 4343 4112 4383 an-

2587 4437 2711 4482 nos
2771 4421 2896 4495 50,
2973 4441 3226 4485 summa
3301 4419 3482 4484 dabit
3553 4440 3790 4484 annum
3867 4420 3952 4488 V.
4015 4421 4104 4489 G.

974 4598 4096 4634 Ἢ

1016 4725 1115 4801 J>
1152 4724 1216 4786 iu
1252 4728 1472 4794 Neron.
1512 4750 1562 4795 c.
1598 4743 1688 4801 23.
