<?xml version="1.0" encoding="UTF-8"?>
<!DOCTYPE html PUBLIC "-//W3C//DTD XHTML 1.0 Transitional//EN"
    "http://www.w3.org/TR/xhtml1/DTD/xhtml1-transitional.dtd">
<html xmlns="http://www.w3.org/1999/xhtml" xml:lang="en" lang="en">
 <head>
  <title>
</title>
<meta http-equiv="Content-Type" content="text/html;charset=utf-8" />
  <meta name='ocr-system' content='tesseract 3.04.00' />
  <meta name='ocr-capabilities' content='ocr_page ocr_carea ocr_par ocr_line ocrx_word'/>
</head>
<body>
  <div class='ocr_page' id='page_1' title='image "./doctrinanumorum04hohlgoog_0644.png"; bbox 0 0 4388 5576; ppageno 0'>
   <div class='ocr_carea' id='block_1_1' title="bbox 1208 529 3145 657">
    <p class='ocr_par' dir='ltr' id='par_1_1' title="bbox 1208 529 3145 657">
     <span class='ocr_line' id='line_1_1' title="bbox 1208 529 3145 657; baseline -0.006 -1"><span class='ocrx_word' id='word_1_1' title='bbox 1208 586 1307 657; x_wconf 63' lang='grc' dir='ltr'>ω</span> <span class='ocrx_word' id='word_1_2' title='bbox 2376 529 3145 647; x_wconf 68' lang='lat' dir='ltr'><strong>ADDENDA</strong></span> 
     </span>
    </p>
   </div>
   <div class='ocr_carea' id='block_1_2' title="bbox 1206 729 4160 828">
    <p class='ocr_par' dir='ltr' id='par_1_2' title="bbox 1206 729 4160 828">
     <span class='ocr_line' id='line_1_2' title="bbox 1206 729 4160 828; baseline -0.002 -22"><span class='ocrx_word' id='word_1_3' title='bbox 1206 741 1389 806; x_wconf 85' lang='lat' dir='ltr'>·ticae</span> <span class='ocrx_word' id='word_1_4' title='bbox 1446 739 1611 803; x_wconf 82' lang='lat' dir='ltr'>dixit</span> <span class='ocrx_word' id='word_1_5' title='bbox 1667 735 1928 822; x_wconf 84' lang='lat' dir='ltr'>Trajani</span> <span class='ocrx_word' id='word_1_6' title='bbox 1986 749 2052 800; x_wconf 87' lang='lat' dir='ltr'>et</span> <span class='ocrx_word' id='word_1_7' title='bbox 2110 736 2447 815; x_wconf 73' lang='lat' dir='ltr'><strong>Plotinae,</strong></span> <span class='ocrx_word' id='word_1_8' title='bbox 2516 737 2712 803; x_wconf 79' lang='lat' dir='ltr'>et‘in</span> <span class='ocrx_word' id='word_1_9' title='bbox 2823 736 3233 803; x_wconf 80' lang='lat' dir='ltr'>confirmabit</span> <span class='ocrx_word' id='word_1_10' title='bbox 3267 729 3887 828; x_wconf 65' lang='lat' dir='ltr'>numnlus&#39;sequens,</span> <span class='ocrx_word' id='word_1_11' title='bbox 3926 732 4160 827; x_wconf 60' lang='lat' dir='ltr'>quem&#39;nu·</span> 
     </span>
    </p>
   </div>
   <div class='ocr_carea' id='block_1_3' title="bbox 1222 834 2708 927">
    <p class='ocr_par' dir='ltr' id='par_1_3' title="bbox 1222 834 2708 927">
     <span class='ocr_line' id='line_1_3' title="bbox 1222 834 2708 927; baseline -0.003 -19"><span class='ocrx_word' id='word_1_12' title='bbox 1222 864 1450 908; x_wconf 75' lang='lat' dir='ltr'>aversa</span> <span class='ocrx_word' id='word_1_13' title='bbox 1483 842 1686 927; x_wconf 81' lang='lat' dir='ltr'>legit:</span> <span class='ocrx_word' id='word_1_14' title='bbox 1727 834 2278 903; x_wconf 64' lang='lat' dir='ltr'><strong>KOTEINIOZ.</strong></span> <span class='ocrx_word' id='word_1_15' title='bbox 2324 834 2384 899; x_wconf 93' lang='grc' dir='ltr'>Γ</span> <span class='ocrx_word' id='word_1_16' title='bbox 2387 837 2546 905; x_wconf 64' lang='lat' dir='ltr'>PA„</span> <span class='ocrx_word' id='word_1_17' title='bbox 2561 839 2708 904; x_wconf 86' lang='lat' dir='ltr'>TO.</span> 
     </span>
    </p>
   </div>
   <div class='ocr_carea' id='block_1_4' title="bbox 2823 842 4160 926">
    <p class='ocr_par' dir='ltr' id='par_1_4' title="bbox 2823 842 4160 926">
     <span class='ocr_line' id='line_1_4' title="bbox 2823 842 4160 926; baseline -0.001 -20"><span class='ocrx_word' id='word_1_18' title='bbox 2823 862 2947 926; x_wconf 85' lang='lat' dir='ltr'>per</span> <span class='ocrx_word' id='word_1_19' title='bbox 2995 862 3289 906; x_wconf 81' lang='lat' dir='ltr'>museum</span> <span class='ocrx_word' id='word_1_20' title='bbox 3323 842 3710 908; x_wconf 82' lang='lat' dir='ltr'>Caesareum</span> <span class='ocrx_word' id='word_1_21' title='bbox 3743 843 4011 908; x_wconf 80' lang='lat' dir='ltr'>beneficio</span> <span class='ocrx_word' id='word_1_22' title='bbox 4047 864 4160 905; x_wconf 70' lang='lat' dir='ltr'>ornn-</span> 
     </span>
    </p>
   </div>
   <div class='ocr_carea' id='block_1_5' title="bbox 1226 937 3902 1031">
    <p class='ocr_par' dir='ltr' id='par_1_5' title="bbox 1226 937 3902 1031">
     <span class='ocr_line' id='line_1_5' title="bbox 1226 937 3902 1031; baseline 0.001 -24"><span class='ocrx_word' id='word_1_23' title='bbox 1226 943 1306 1007; x_wconf 89' lang='grc' dir='ltr'>Δ.</span> <span class='ocrx_word' id='word_1_24' title='bbox 1338 937 1557 1008; x_wconf 81' lang='grc' dir='ltr'><strong>ΕΦΕ.</strong></span> <span class='ocrx_word' id='word_1_25' title='bbox 1607 944 1911 1025; x_wconf 87' lang='lat' dir='ltr'>(Lettere</span> <span class='ocrx_word' id='word_1_26' title='bbox 1942 944 2131 1004; x_wconf 88' lang='lat' dir='ltr'>Tom.</span> <span class='ocrx_word' id='word_1_27' title='bbox 2163 942 2365 1025; x_wconf 65' lang='lat' dir='ltr'>1V.p.</span> <span class='ocrx_word' id='word_1_28' title='bbox 2393 941 2567 1024; x_wconf 73' lang='lat'>113.)</span> <span class='ocrx_word' id='word_1_29' title='bbox 2620 942 2711 1004; x_wconf 78' lang='lat' dir='ltr'>At</span> <span class='ocrx_word' id='word_1_30' title='bbox 2821 945 3053 1008; x_wconf 76' lang='lat' dir='ltr'>tissimi</span> <span class='ocrx_word' id='word_1_31' title='bbox 3085 945 3471 1031; x_wconf 84' lang='lat' dir='ltr'>Cousineryi</span> <span class='ocrx_word' id='word_1_32' title='bbox 3502 960 3754 1009; x_wconf 84' lang='lat' dir='ltr'>nactum</span> <span class='ocrx_word' id='word_1_33' title='bbox 3787 959 3902 1010; x_wconf 75' lang='lat' dir='ltr'>est:</span> 
     </span>
    </p>
   </div>
   <div class='ocr_carea' id='block_1_6' title="bbox 1198 1041 2720 2835">
    <p class='ocr_par' dir='ltr' id='par_1_6' title="bbox 1198 1041 2720 2835">
     <span class='ocr_line' id='line_1_6' title="bbox 1224 1041 2713 1126; baseline -0.004 -15"><span class='ocrx_word' id='word_1_34' title='bbox 1224 1048 1402 1111; x_wconf 85' lang='lat' dir='ltr'>enim</span> <span class='ocrx_word' id='word_1_35' title='bbox 1436 1057 1677 1119; x_wconf 69' lang='lat' dir='ltr'>‘verum</span> <span class='ocrx_word' id='word_1_36' title='bbox 1718 1042 1898 1106; x_wconf 89' lang='lat' dir='ltr'>numi</span> <span class='ocrx_word' id='word_1_37' title='bbox 1959 1042 2150 1126; x_wconf 73' lang='lat' dir='ltr'>hujus</span> <span class='ocrx_word' id='word_1_38' title='bbox 2193 1056 2428 1106; x_wconf 84' lang='lat' dir='ltr'>statum</span> <span class='ocrx_word' id='word_1_39' title='bbox 2478 1041 2713 1126; x_wconf 85' lang='lat' dir='ltr'>proba-</span> 
     </span>
     <span class='ocr_line' id='line_1_7' title="bbox 1198 1143 2716 1228; baseline -0.004 -16"><span class='ocrx_word' id='word_1_40' title='bbox 1198 1147 1319 1213; x_wconf 81' lang='lat' dir='ltr'>·vit</span> <span class='ocrx_word' id='word_1_41' title='bbox 1358 1146 1795 1228; x_wconf 84' lang='lat' dir='ltr'>Cousineryus</span> <span class='ocrx_word' id='word_1_42' title='bbox 1843 1164 1927 1208; x_wconf 84' lang='lat' dir='ltr'>ex</span> <span class='ocrx_word' id='word_1_43' title='bbox 1968 1164 2165 1206; x_wconf 90' lang='lat' dir='ltr'>numo</span> <span class='ocrx_word' id='word_1_44' title='bbox 2209 1143 2533 1227; x_wconf 85' lang='lat' dir='ltr'>praeclari</span> <span class='ocrx_word' id='word_1_45' title='bbox 2577 1166 2716 1207; x_wconf 60' lang='lat' dir='ltr'>mu»</span> 
     </span>
     <span class='ocr_line' id='line_1_8' title="bbox 1222 1245 2713 1330; baseline -0.001 -19"><span class='ocrx_word' id='word_1_46' title='bbox 1222 1248 1323 1311; x_wconf 82' lang='lat' dir='ltr'>sei</span> <span class='ocrx_word' id='word_1_47' title='bbox 1355 1248 1488 1322; x_wconf 85' lang='lat' dir='ltr'>sui,</span> <span class='ocrx_word' id='word_1_48' title='bbox 1525 1247 1594 1308; x_wconf 87' lang='lat' dir='ltr'>in</span> <span class='ocrx_word' id='word_1_49' title='bbox 1626 1246 1805 1329; x_wconf 84' lang='lat' dir='ltr'>cujus</span> <span class='ocrx_word' id='word_1_50' title='bbox 1831 1245 2039 1310; x_wconf 86' lang='lat' dir='ltr'>antica</span> <span class='ocrx_word' id='word_1_51' title='bbox 2072 1260 2173 1309; x_wconf 89' lang='lat' dir='ltr'>est</span> <span class='ocrx_word' id='word_1_52' title='bbox 2206 1259 2397 1328; x_wconf 88' lang='lat' dir='ltr'>eaput</span> <span class='ocrx_word' id='word_1_53' title='bbox 2422 1247 2713 1330; x_wconf 82' lang='lat' dir='ltr'>juvenile</span> 
     </span>
     <span class='ocr_line' id='line_1_9' title="bbox 1224 1341 2711 1422; baseline -0.001 -10"><span class='ocrx_word' id='word_1_54' title='bbox 1224 1347 1538 1422; x_wconf 87' lang='lat' dir='ltr'>Neronis,</span> <span class='ocrx_word' id='word_1_55' title='bbox 1616 1346 1683 1408; x_wconf 88' lang='lat' dir='ltr'>in</span> <span class='ocrx_word' id='word_1_56' title='bbox 1737 1343 1816 1405; x_wconf 59' lang='lat'>²1²</span> <span class='ocrx_word' id='word_1_57' title='bbox 1869 1343 2420 1412; x_wconf 84' lang='grc' dir='ltr'><strong>ΚΟΤΣΙΝΙΟΣ.</strong></span> <span class='ocrx_word' id='word_1_58' title='bbox 2487 1341 2572 1413; x_wconf 72' lang='lat'>†.</span> <span class='ocrx_word' id='word_1_59' title='bbox 2634 1344 2711 1411; x_wconf 73' lang='grc' dir='ltr'>Δ.</span> 
     </span>
     <span class='ocr_line' id='line_1_10' title="bbox 1222 1428 2711 1535; baseline -0.001 -22"><span class='ocrx_word' id='word_1_60' title='bbox 1222 1428 1480 1527; x_wconf 81' lang='lat' dir='ltr'>E‘‹1&gt;E.‚</span> <span class='ocrx_word' id='word_1_61' title='bbox 1536 1468 1700 1535; x_wconf 87' lang='lat' dir='ltr'>ergo</span> <span class='ocrx_word' id='word_1_62' title='bbox 1745 1448 1800 1511; x_wconf 85' lang='lat' dir='ltr'>si</span> <span class='ocrx_word' id='word_1_63' title='bbox 1844 1462 2035 1533; x_wconf 86' lang='lat' dir='ltr'>caput</span> <span class='ocrx_word' id='word_1_64' title='bbox 2077 1449 2394 1526; x_wconf 83' lang='lat' dir='ltr'>Neronis,</span> <span class='ocrx_word' id='word_1_65' title='bbox 2437 1469 2711 1513; x_wconf 81' lang='lat' dir='ltr'>necesse</span> 
     </span>
     <span class='ocr_line' id='line_1_11' title="bbox 1225 1548 2714 1635; baseline -0.001 -21"><span class='ocrx_word' id='word_1_66' title='bbox 1225 1565 1359 1627; x_wconf 82' lang='lat' dir='ltr'>est,</span> <span class='ocrx_word' id='word_1_67' title='bbox 1406 1551 1612 1635; x_wconf 80' lang='lat' dir='ltr'>capita</span> <span class='ocrx_word' id='word_1_68' title='bbox 1653 1548 1868 1628; x_wconf 87' lang='lat' dir='ltr'>numi,</span> <span class='ocrx_word' id='word_1_69' title='bbox 1912 1570 2104 1635; x_wconf 87' lang='lat' dir='ltr'>quem</span> <span class='ocrx_word' id='word_1_70' title='bbox 2151 1569 2302 1612; x_wconf 84' lang='lat' dir='ltr'>mox</span> <span class='ocrx_word' id='word_1_71' title='bbox 2347 1549 2714 1635; x_wconf 86' lang='lat' dir='ltr'>descripse-</span> 
     </span>
     <span class='ocr_line' id='line_1_12' title="bbox 1222 1642 2710 1735; baseline -0.003 -18"><span class='ocrx_word' id='word_1_72' title='bbox 1222 1675 1398 1730; x_wconf 88' lang='lat' dir='ltr'>ram,</span> <span class='ocrx_word' id='word_1_73' title='bbox 1423 1674 1556 1716; x_wconf 88' lang='lat' dir='ltr'>non</span> <span class='ocrx_word' id='word_1_74' title='bbox 1589 1674 1735 1717; x_wconf 84' lang='lat' dir='ltr'>esse</span> <span class='ocrx_word' id='word_1_75' title='bbox 1771 1654 1881 1718; x_wconf 79' lang='lat' dir='ltr'>vel</span> <span class='ocrx_word' id='word_1_76' title='bbox 1911 1642 2187 1735; x_wconf 82' lang='lat' dir='ltr'>Augusti</span> <span class='ocrx_word' id='word_1_77' title='bbox 2224 1665 2293 1714; x_wconf 87' lang='lat' dir='ltr'>et</span> <span class='ocrx_word' id='word_1_78' title='bbox 2323 1652 2570 1730; x_wconf 84' lang='lat' dir='ltr'>Liviae,</span> <span class='ocrx_word' id='word_1_79' title='bbox 2605 1654 2710 1717; x_wconf 83' lang='lat' dir='ltr'>vel</span> 
     </span>
     <span class='ocr_line' id='line_1_13' title="bbox 1224 1751 2713 1839; baseline -0.001 -22"><span class='ocrx_word' id='word_1_80' title='bbox 1224 1756 1488 1839; x_wconf 76' lang='lat' dir='ltr'>Traiani</span> <span class='ocrx_word' id='word_1_81' title='bbox 1518 1769 1584 1819; x_wconf 86' lang='lat' dir='ltr'>et</span> <span class='ocrx_word' id='word_1_82' title='bbox 1600 1754 1920 1832; x_wconf 76' lang='lat' dir='ltr'>Plotinae,</span> <span class='ocrx_word' id='word_1_83' title='bbox 1955 1753 2073 1817; x_wconf 82' lang='lat' dir='ltr'>sed</span> <span class='ocrx_word' id='word_1_84' title='bbox 2098 1751 2351 1816; x_wconf 78' lang='lat' dir='ltr'>Claudii</span> <span class='ocrx_word' id='word_1_85' title='bbox 2381 1768 2448 1817; x_wconf 87' lang='lat' dir='ltr'>et</span> <span class='ocrx_word' id='word_1_86' title='bbox 2477 1754 2713 1837; x_wconf 68' lang='lat' dir='ltr'>Agrip-</span> 
     </span>
     <span class='ocr_line' id='line_1_14' title="bbox 1204 1856 2712 1941; baseline 0 -24"><span class='ocrx_word' id='word_1_87' title='bbox 1204 1857 1452 1940; x_wconf 61' lang='lat' dir='ltr'>pinae.</span> <span class='ocrx_word' id='word_1_88' title='bbox 1495 1857 1812 1922; x_wconf 84' lang='lat' dir='ltr'>Aversam</span> <span class='ocrx_word' id='word_1_89' title='bbox 1853 1870 2068 1920; x_wconf 88' lang='lat' dir='ltr'>autem</span> <span class='ocrx_word' id='word_1_90' title='bbox 2102 1877 2248 1919; x_wconf 87' lang='lat' dir='ltr'>esse</span> <span class='ocrx_word' id='word_1_91' title='bbox 2284 1856 2515 1933; x_wconf 86' lang='lat' dir='ltr'>talem,</span> <span class='ocrx_word' id='word_1_92' title='bbox 2562 1876 2712 1941; x_wconf 85' lang='lat' dir='ltr'>qua-</span> 
     </span>
     <span class='ocr_line' id='line_1_15' title="bbox 1222 1957 2713 2042; baseline -0.001 -22"><span class='ocrx_word' id='word_1_93' title='bbox 1222 1959 1359 2022; x_wconf 85' lang='lat' dir='ltr'>lem</span> <span class='ocrx_word' id='word_1_94' title='bbox 1391 1958 1662 2036; x_wconf 79' lang='lat' dir='ltr'>dictavi,</span> <span class='ocrx_word' id='word_1_95' title='bbox 1713 1958 1993 2042; x_wconf 84' lang='lat' dir='ltr'>probant</span> <span class='ocrx_word' id='word_1_96' title='bbox 2023 1957 2159 2019; x_wconf 85' lang='lat' dir='ltr'>bini</span> <span class='ocrx_word' id='word_1_97' title='bbox 2196 1960 2378 2020; x_wconf 88' lang='lat' dir='ltr'>numi</span> <span class='ocrx_word' id='word_1_98' title='bbox 2411 1957 2713 2021; x_wconf 86' lang='lat' dir='ltr'>nitidissi-</span> 
     </span>
     <span class='ocr_line' id='line_1_16' title="bbox 1224 2058 2716 2144; baseline -0.003 -21"><span class='ocrx_word' id='word_1_99' title='bbox 1224 2060 1350 2136; x_wconf 88' lang='lat' dir='ltr'>mi,</span> <span class='ocrx_word' id='word_1_100' title='bbox 1418 2081 1694 2144; x_wconf 84' lang='lat' dir='ltr'>quorum</span> <span class='ocrx_word' id='word_1_101' title='bbox 1747 2079 1916 2122; x_wconf 86' lang='lat' dir='ltr'>unus</span> <span class='ocrx_word' id='word_1_102' title='bbox 1962 2072 2061 2122; x_wconf 88' lang='lat' dir='ltr'>est</span> <span class='ocrx_word' id='word_1_103' title='bbox 2103 2059 2171 2121; x_wconf 88' lang='lat' dir='ltr'>in</span> <span class='ocrx_word' id='word_1_104' title='bbox 2216 2080 2445 2122; x_wconf 88' lang='lat' dir='ltr'>museo</span> <span class='ocrx_word' id='word_1_105' title='bbox 2489 2058 2716 2122; x_wconf 86' lang='lat' dir='ltr'>Consi·-</span> 
     </span>
     <span class='ocr_line' id='line_1_17' title="bbox 1224 2161 2716 2245; baseline 0.001 -23"><span class='ocrx_word' id='word_1_106' title='bbox 1224 2164 1416 2244; x_wconf 83' lang='lat' dir='ltr'>neryi</span> <span class='ocrx_word' id='word_1_107' title='bbox 1463 2163 1807 2245; x_wconf 83' lang='lat' dir='ltr'>Smyrnae,</span> <span class='ocrx_word' id='word_1_108' title='bbox 1869 2163 2039 2225; x_wconf 83' lang='lat' dir='ltr'>alter</span> <span class='ocrx_word' id='word_1_109' title='bbox 2082 2161 2152 2223; x_wconf 88' lang='lat' dir='ltr'>in</span> <span class='ocrx_word' id='word_1_110' title='bbox 2203 2182 2431 2223; x_wconf 89' lang='lat' dir='ltr'>museo</span> <span class='ocrx_word' id='word_1_111' title='bbox 2485 2161 2716 2223; x_wconf 86' lang='lat' dir='ltr'>Caesa-</span> 
     </span>
     <span class='ocr_line' id='line_1_18' title="bbox 1225 2260 2714 2346; baseline -0.001 -22"><span class='ocrx_word' id='word_1_112' title='bbox 1225 2282 1379 2338; x_wconf 86' lang='lat' dir='ltr'>reo,</span> <span class='ocrx_word' id='word_1_113' title='bbox 1435 2283 1630 2346; x_wconf 90' lang='lat' dir='ltr'>quem</span> <span class='ocrx_word' id='word_1_114' title='bbox 1682 2263 1832 2326; x_wconf 84' lang='lat' dir='ltr'>huic</span> <span class='ocrx_word' id='word_1_115' title='bbox 1887 2262 2065 2325; x_wconf 89' lang='lat' dir='ltr'>idem</span> <span class='ocrx_word' id='word_1_116' title='bbox 2116 2264 2220 2329; x_wconf 72' lang='lat' dir='ltr'>vir</span> <span class='ocrx_word' id='word_1_117' title='bbox 2271 2260 2714 2325; x_wconf 83' lang='lat' dir='ltr'>ornatissimus</span> 
     </span>
     <span class='ocr_line' id='line_1_19' title="bbox 1227 2362 2716 2448; baseline 0.002 -24"><span class='ocrx_word' id='word_1_118' title='bbox 1227 2362 1594 2426; x_wconf 77' lang='lat' dir='ltr'>liberaliter</span> <span class='ocrx_word' id='word_1_119' title='bbox 1638 2363 1851 2427; x_wconf 82' lang='lat' dir='ltr'>cessit.</span> <span class='ocrx_word' id='word_1_120' title='bbox 1908 2367 2012 2427; x_wconf 81' lang='lat' dir='ltr'>Ex</span> <span class='ocrx_word' id='word_1_121' title='bbox 2059 2384 2189 2448; x_wconf 88' lang='lat' dir='ltr'>quo</span> <span class='ocrx_word' id='word_1_122' title='bbox 2238 2362 2545 2445; x_wconf 86' lang='lat' dir='ltr'>exemplo</span> <span class='ocrx_word' id='word_1_123' title='bbox 2596 2365 2716 2427; x_wconf 92' lang='lat' dir='ltr'>ite-</span> 
     </span>
     <span class='ocr_line' id='line_1_20' title="bbox 1227 2463 2718 2550; baseline 0 -25"><span class='ocrx_word' id='word_1_124' title='bbox 1227 2485 1375 2525; x_wconf 84' lang='lat' dir='ltr'>rum</span> <span class='ocrx_word' id='word_1_125' title='bbox 1409 2479 1714 2548; x_wconf 86' lang='lat' dir='ltr'>apparet,</span> <span class='ocrx_word' id='word_1_126' title='bbox 1766 2488 1953 2550; x_wconf 86' lang='lat' dir='ltr'>quam</span> <span class='ocrx_word' id='word_1_127' title='bbox 1989 2487 2217 2548; x_wconf 83' lang='lat' dir='ltr'>parum</span> <span class='ocrx_word' id='word_1_128' title='bbox 2255 2463 2465 2527; x_wconf 87' lang='lat' dir='ltr'>fidere</span> <span class='ocrx_word' id='word_1_129' title='bbox 2511 2465 2718 2549; x_wconf 86' lang='lat' dir='ltr'>possi-</span> 
     </span>
     <span class='ocr_line' id='line_1_21' title="bbox 1227 2565 2715 2652; baseline 0.001 -25"><span class='ocrx_word' id='word_1_130' title='bbox 1227 2586 1377 2629; x_wconf 61' lang='lat' dir='ltr'>mus,</span> <span class='ocrx_word' id='word_1_131' title='bbox 1416 2565 1826 2630; x_wconf 82' lang='lat' dir='ltr'>lineamentis</span> <span class='ocrx_word' id='word_1_132' title='bbox 1860 2568 2306 2652; x_wconf 86' lang='lat' dir='ltr'>Augustorum</span> <span class='ocrx_word' id='word_1_133' title='bbox 2344 2567 2414 2628; x_wconf 89' lang='lat' dir='ltr'>in</span> <span class='ocrx_word' id='word_1_134' title='bbox 2453 2567 2715 2630; x_wconf 86' lang='lat' dir='ltr'>minutis</span> 
     </span>
     <span class='ocr_line' id='line_1_22' title="bbox 1224 2667 2720 2753; baseline 0.003 -26"><span class='ocrx_word' id='word_1_135' title='bbox 1224 2667 1327 2729; x_wconf 85' lang='lat' dir='ltr'>his</span> <span class='ocrx_word' id='word_1_136' title='bbox 1364 2670 1609 2748; x_wconf 86' lang='lat' dir='ltr'>numis,</span> <span class='ocrx_word' id='word_1_137' title='bbox 1656 2667 1913 2753; x_wconf 88' lang='lat' dir='ltr'>quando</span> <span class='ocrx_word' id='word_1_138' title='bbox 1958 2685 2305 2751; x_wconf 87' lang='lat' dir='ltr'>praeterea</span> <span class='ocrx_word' id='word_1_139' title='bbox 2340 2690 2571 2732; x_wconf 85' lang='lat' dir='ltr'>eorum</span> <span class='ocrx_word' id='word_1_140' title='bbox 2605 2689 2720 2732; x_wconf 91' lang='lat' dir='ltr'>no-</span> 
     </span>
     <span class='ocr_line' id='line_1_23' title="bbox 1229 2770 1951 2835; baseline 0.007 -5"><span class='ocrx_word' id='word_1_141' title='bbox 1229 2770 1402 2833; x_wconf 90' lang='lat' dir='ltr'>mina</span> <span class='ocrx_word' id='word_1_142' title='bbox 1435 2791 1566 2834; x_wconf 90' lang='lat' dir='ltr'>non</span> <span class='ocrx_word' id='word_1_143' title='bbox 1596 2770 1951 2835; x_wconf 57' lang='lat' dir='ltr'>adduntur,</span> 
     </span>
    </p>
   </div>
   <div class='ocr_carea' id='block_1_7' title="bbox 1581 2971 2391 3193">
    <p class='ocr_par' dir='ltr' id='par_1_7' title="bbox 1581 2971 2391 3193">
     <span class='ocr_line' id='line_1_24' title="bbox 1581 2971 2391 3062; baseline -0.005 -23"><span class='ocrx_word' id='word_1_144' title='bbox 1581 2975 1661 3039; x_wconf 79' lang='lat' dir='ltr'>P.</span> <span class='ocrx_word' id='word_1_145' title='bbox 1682 2971 1825 3038; x_wconf 83' lang='lat'><strong>533.</strong></span> <span class='ocrx_word' id='word_1_146' title='bbox 1865 2972 1991 3035; x_wconf 86' lang='lat' dir='ltr'>ool.</span> <span class='ocrx_word' id='word_1_147' title='bbox 2019 2994 2071 3034; x_wconf 78' lang='lat' dir='ltr'>r.</span> <span class='ocrx_word' id='word_1_148' title='bbox 2112 2975 2184 3035; x_wconf 84' lang='lat' dir='ltr'>in</span> <span class='ocrx_word' id='word_1_149' title='bbox 2202 2973 2391 3062; x_wconf 82' lang='lat' dir='ltr'>fine..</span> 
     </span>
     <span class='ocr_line' id='line_1_25' title="bbox 1664 3124 2294 3193; baseline 0 0"><span class='ocrx_word' id='word_1_150' title='bbox 1664 3124 1742 3193; x_wconf 65' lang='lat' dir='ltr'>„N</span> <span class='ocrx_word' id='word_1_151' title='bbox 1750 3127 1818 3188; x_wconf 89' lang='lat' dir='ltr'><em>E</em></span> <span class='ocrx_word' id='word_1_152' title='bbox 1828 3129 1908 3188; x_wconf 88' lang='lat' dir='ltr'><em>A</em></span> <span class='ocrx_word' id='word_1_153' title='bbox 1921 3131 1984 3190; x_wconf 91' lang='lat' dir='ltr'><em>P</em></span> <span class='ocrx_word' id='word_1_154' title='bbox 2001 3129 2058 3191; x_wconf 89' lang='lat'><em>0</em></span> <span class='ocrx_word' id='word_1_155' title='bbox 2075 3129 2131 3190; x_wconf 82' lang='lat' dir='ltr'><em>L</em></span> <span class='ocrx_word' id='word_1_156' title='bbox 2153 3128 2202 3191; x_wconf 93' lang='lat' dir='ltr'><strong><em>I</em></strong></span> <span class='ocrx_word' id='word_1_157' title='bbox 2211 3127 2294 3193; x_wconf 72' lang='lat' dir='ltr'>S..</span> 
     </span>
    </p>
   </div>
   <div class='ocr_carea' id='block_1_8' title="bbox 1230 3280 2738 4390">
    <p class='ocr_par' dir='ltr' id='par_1_8' title="bbox 1230 3280 2738 4390">
     <span class='ocr_line' id='line_1_26' title="bbox 1358 3280 2722 3364; baseline 0 -22"><span class='ocrx_word' id='word_1_158' title='bbox 1358 3282 1866 3364; x_wconf 79' lang='lat' dir='ltr'>Imperatorium</span> <span class='ocrx_word' id='word_1_159' title='bbox 1915 3282 2349 3359; x_wconf 83' lang='lat' dir='ltr'>Treboniani,</span> <span class='ocrx_word' id='word_1_160' title='bbox 2415 3280 2483 3343; x_wconf 86' lang='lat' dir='ltr'>in</span> <span class='ocrx_word' id='word_1_161' title='bbox 2540 3280 2722 3364; x_wconf 80' lang='lat' dir='ltr'>cujus</span> 
     </span>
     <span class='ocr_line' id='line_1_27' title="bbox 1233 3378 2723 3447; baseline 0.001 -4"><span class='ocrx_word' id='word_1_162' title='bbox 1233 3402 1460 3446; x_wconf 76' lang='lat' dir='ltr'>aversa</span> <span class='ocrx_word' id='word_1_163' title='bbox 1493 3395 1615 3444; x_wconf 83' lang='lat' dir='ltr'>est:</span> <span class='ocrx_word' id='word_1_164' title='bbox 1644 3378 1716 3441; x_wconf 96' lang='lat' dir='ltr'>N</span> <span class='ocrx_word' id='word_1_165' title='bbox 1723 3379 2392 3447; x_wconf 70' lang='lat' dir='ltr'>GAHOAGITQ‘N.</span> <span class='ocrx_word' id='word_1_166' title='bbox 2424 3386 2723 3446; x_wconf 79' lang='lat' dir='ltr'>Fortuna</span> 
     </span>
     <span class='ocr_line' id='line_1_28' title="bbox 1232 3482 2726 3567; baseline 0.001 -21"><span class='ocrx_word' id='word_1_167' title='bbox 1232 3498 1453 3559; x_wconf 75' lang='lat' dir='ltr'>stans,</span> <span class='ocrx_word' id='word_1_168' title='bbox 1500 3484 1646 3567; x_wconf 91' lang='lat' dir='ltr'>quia</span> <span class='ocrx_word' id='word_1_169' title='bbox 1686 3482 1999 3565; x_wconf 83' lang='lat' dir='ltr'>Smyrnae</span> <span class='ocrx_word' id='word_1_170' title='bbox 2041 3484 2448 3565; x_wconf 82' lang='lat' dir='ltr'>Cousineryo</span> <span class='ocrx_word' id='word_1_171' title='bbox 2487 3483 2551 3543; x_wconf 88' lang='lat' dir='ltr'>in</span> <span class='ocrx_word' id='word_1_172' title='bbox 2593 3506 2726 3547; x_wconf 88' lang='lat' dir='ltr'>ma-</span> 
     </span>
     <span class='ocr_line' id='line_1_29' title="bbox 1230 3583 2726 3667; baseline 0.002 -22"><span class='ocrx_word' id='word_1_173' title='bbox 1230 3607 1352 3647; x_wconf 84' lang='lat' dir='ltr'>nus</span> <span class='ocrx_word' id='word_1_174' title='bbox 1388 3585 1599 3661; x_wconf 83' lang='lat' dir='ltr'>venit,</span> <span class='ocrx_word' id='word_1_175' title='bbox 1636 3586 1911 3667; x_wconf 81' lang='lat' dir='ltr'>Neapoli</span> <span class='ocrx_word' id='word_1_176' title='bbox 1949 3586 2212 3648; x_wconf 90' lang='lat' dir='ltr'>Ionicae</span> <span class='ocrx_word' id='word_1_177' title='bbox 2250 3583 2574 3649; x_wconf 86' lang='lat' dir='ltr'>dedicavit</span> <span class='ocrx_word' id='word_1_178' title='bbox 2610 3585 2726 3648; x_wconf 90' lang='lat' dir='ltr'>Se·</span> 
     </span>
     <span class='ocr_line' id='line_1_30' title="bbox 1237 3686 2724 3770; baseline 0 -21"><span class='ocrx_word' id='word_1_179' title='bbox 1237 3688 1473 3765; x_wconf 76' lang='lat' dir='ltr'>atinus,</span> <span class='ocrx_word' id='word_1_180' title='bbox 1537 3686 1839 3768; x_wconf 83' lang='lat' dir='ltr'>(Lettere</span> <span class='ocrx_word' id='word_1_181' title='bbox 1892 3690 1973 3753; x_wconf 84' lang='lat' dir='ltr'>T.</span> <span class='ocrx_word' id='word_1_182' title='bbox 2004 3687 2088 3755; x_wconf 84' lang='lat' dir='ltr'>V.</span> <span class='ocrx_word' id='word_1_183' title='bbox 2139 3708 2204 3769; x_wconf 83' lang='lat' dir='ltr'>p.</span> <span class='ocrx_word' id='word_1_184' title='bbox 2230 3687 2471 3768; x_wconf 84' lang='lat' dir='ltr'>XXV.)</span> <span class='ocrx_word' id='word_1_185' title='bbox 2531 3699 2724 3770; x_wconf 88' lang='lat' dir='ltr'>atque</span> 
     </span>
     <span class='ocr_line' id='line_1_31' title="bbox 1233 3781 2729 3875; baseline 0 -28"><span class='ocrx_word' id='word_1_186' title='bbox 1233 3810 1359 3850; x_wconf 86' lang='lat' dir='ltr'>nna</span> <span class='ocrx_word' id='word_1_187' title='bbox 1391 3801 1804 3851; x_wconf 84' lang='lat' dir='ltr'>antonomum</span> <span class='ocrx_word' id='word_1_188' title='bbox 1826 3834 1844 3864; x_wconf 91' lang='lat'>‚</span> <span class='ocrx_word' id='word_1_189' title='bbox 1883 3809 2074 3875; x_wconf 91' lang='lat' dir='ltr'>quem</span> <span class='ocrx_word' id='word_1_190' title='bbox 2113 3789 2420 3851; x_wconf 88' lang='lat' dir='ltr'>Combius</span> <span class='ocrx_word' id='word_1_191' title='bbox 2447 3781 2729 3869; x_wconf 81' lang='lat' dir='ltr'>Neapoli</span> 
     </span>
     <span class='ocr_line' id='line_1_32' title="bbox 1236 3889 2729 3975; baseline 0.001 -25"><span class='ocrx_word' id='word_1_192' title='bbox 1236 3889 1462 3951; x_wconf 85' lang='lat' dir='ltr'>Cariae</span> <span class='ocrx_word' id='word_1_193' title='bbox 1519 3891 1848 3972; x_wconf 78' lang='lat' dir='ltr'>permisit,</span> <span class='ocrx_word' id='word_1_194' title='bbox 1927 3890 2240 3975; x_wconf 86' lang='lat' dir='ltr'>cujusque</span> <span class='ocrx_word' id='word_1_195' title='bbox 2285 3911 2406 3953; x_wconf 85' lang='lat' dir='ltr'>nos</span> <span class='ocrx_word' id='word_1_196' title='bbox 2449 3889 2519 3952; x_wconf 90' lang='lat' dir='ltr'>in</span> <span class='ocrx_word' id='word_1_197' title='bbox 2562 3891 2729 3951; x_wconf 87' lang='lat' dir='ltr'>Nea-</span> 
     </span>
     <span class='ocr_line' id='line_1_33' title="bbox 1233 3990 2738 4074; baseline -0.003 -22"><span class='ocrx_word' id='word_1_198' title='bbox 1233 3990 1375 4074; x_wconf 85' lang='lat' dir='ltr'>poli</span> <span class='ocrx_word' id='word_1_199' title='bbox 1440 3991 1861 4054; x_wconf 83' lang='lat' dir='ltr'>Macedoniae</span> <span class='ocrx_word' id='word_1_200' title='bbox 1939 3992 2339 4054; x_wconf 89' lang='lat' dir='ltr'>mentionem</span> <span class='ocrx_word' id='word_1_201' title='bbox 2416 3990 2690 4054; x_wconf 75' lang='lat' dir='ltr'>fecimus</span> <span class='ocrx_word' id='word_1_202' title='bbox 2707 4034 2738 4067; x_wconf 86' lang='lat'>,.</span> 
     </span>
     <span class='ocr_line' id='line_1_34' title="bbox 1234 4093 2724 4177; baseline 0 -24"><span class='ocrx_word' id='word_1_203' title='bbox 1234 4093 1386 4156; x_wconf 86' lang='lat' dir='ltr'>huie</span> <span class='ocrx_word' id='word_1_204' title='bbox 1430 4094 1648 4156; x_wconf 86' lang='lat' dir='ltr'>Ioniae</span> <span class='ocrx_word' id='word_1_205' title='bbox 1694 4093 2168 4158; x_wconf 86' lang='lat' dir='ltr'>restituendum</span> <span class='ocrx_word' id='word_1_206' title='bbox 2214 4106 2471 4170; x_wconf 85' lang='lat' dir='ltr'>censet,</span> <span class='ocrx_word' id='word_1_207' title='bbox 2532 4114 2724 4177; x_wconf 85' lang='lat' dir='ltr'>quam</span> 
     </span>
     <span class='ocr_line' id='line_1_35' title="bbox 1235 4192 2724 4279; baseline -0.002 -23"><span class='ocrx_word' id='word_1_208' title='bbox 1235 4215 1358 4257; x_wconf 84' lang='lat' dir='ltr'>nos</span> <span class='ocrx_word' id='word_1_209' title='bbox 1396 4195 1871 4278; x_wconf 87' lang='lat' dir='ltr'>conjecturam,</span> <span class='ocrx_word' id='word_1_210' title='bbox 1918 4209 2146 4279; x_wconf 84' lang='lat' dir='ltr'>utpote</span> <span class='ocrx_word' id='word_1_211' title='bbox 2177 4195 2248 4256; x_wconf 87' lang='lat' dir='ltr'>in</span> <span class='ocrx_word' id='word_1_212' title='bbox 2285 4216 2360 4258; x_wconf 89' lang='lat' dir='ltr'>re</span> <span class='ocrx_word' id='word_1_213' title='bbox 2394 4192 2585 4258; x_wconf 82' lang='lat' dir='ltr'>valde</span> <span class='ocrx_word' id='word_1_214' title='bbox 2629 4194 2724 4254; x_wconf 88' lang='lat' dir='ltr'>in-</span> 
     </span>
     <span class='ocr_line' id='line_1_36' title="bbox 1236 4295 2644 4390; baseline -0.005 -31"><span class='ocrx_word' id='word_1_215' title='bbox 1236 4310 1447 4376; x_wconf 84' lang='lat' dir='ltr'>certa,</span> <span class='ocrx_word' id='word_1_216' title='bbox 1491 4298 1558 4359; x_wconf 91' lang='lat' dir='ltr'>in</span> <span class='ocrx_word' id='word_1_217' title='bbox 1595 4297 1850 4361; x_wconf 89' lang='lat' dir='ltr'>incerto</span> <span class='ocrx_word' id='word_1_218' title='bbox 1878 4317 2146 4390; x_wconf 68' lang='lat' dir='ltr'>guoque</span> <span class='ocrx_word' id='word_1_219' title='bbox 2181 4295 2644 4382; x_wconf 51' lang='lat' dir='ltr'>relinquimus,</span> 
     </span>
    </p>
   </div>
   <div class='ocr_carea' id='block_1_9' title="bbox 1836 4480 2200 4574">
    <p class='ocr_par' dir='ltr' id='par_1_9' title="bbox 1836 4480 2200 4574">
     <span class='ocr_line' id='line_1_37' title="bbox 1836 4480 2200 4574; baseline -0.003 -28"><span class='ocrx_word' id='word_1_220' title='bbox 1836 4480 2114 4558; x_wconf 32' lang='grc' dir='ltr'>Μαι.</span> <span class='ocrx_word' id='word_1_221' title='bbox 2180 4541 2200 4574; x_wconf 44' lang='lat'>⁴.</span> 
     </span>
    </p>
   </div>
   <div class='ocr_carea' id='block_1_10' title="bbox 1238 4599 2720 4888">
    <p class='ocr_par' dir='ltr' id='par_1_10' title="bbox 1238 4599 2720 4888">
     <span class='ocr_line' id='line_1_38' title="bbox 1365 4599 2718 4693; baseline -0.002 -30"><span class='ocrx_word' id='word_1_222' title='bbox 1365 4600 1572 4693; x_wconf 79' lang='lat' dir='ltr'>Quam</span> <span class='ocrx_word' id='word_1_223' title='bbox 1619 4600 1816 4665; x_wconf 86' lang='lat' dir='ltr'>modo</span> <span class='ocrx_word' id='word_1_224' title='bbox 1861 4599 2234 4665; x_wconf 83' lang='lat' dir='ltr'>memoravi·</span> <span class='ocrx_word' id='word_1_225' title='bbox 2270 4599 2718 4665; x_wconf 77' lang='lat' dir='ltr'>difficultatem</span> 
     </span>
     <span class='ocr_line' id='line_1_39' title="bbox 1238 4701 2720 4786; baseline 0.002 -24"><span class='ocrx_word' id='word_1_226' title='bbox 1238 4703 1303 4762; x_wconf 88' lang='lat' dir='ltr'>in</span> <span class='ocrx_word' id='word_1_227' title='bbox 1350 4701 1807 4785; x_wconf 81' lang='lat' dir='ltr'>dignoscendis</span> <span class='ocrx_word' id='word_1_228' title='bbox 1850 4704 2062 4765; x_wconf 85' lang='lat' dir='ltr'>nnmis</span> <span class='ocrx_word' id='word_1_229' title='bbox 2100 4703 2396 4777; x_wconf 79' lang='lat' dir='ltr'>minutis,</span> <span class='ocrx_word' id='word_1_230' title='bbox 2448 4701 2557 4786; x_wconf 86' lang='lat' dir='ltr'>qui</span> <span class='ocrx_word' id='word_1_231' title='bbox 2595 4702 2720 4765; x_wconf 80' lang='lat' dir='ltr'>lioc</span> 
     </span>
     <span class='ocr_line' id='line_1_40' title="bbox 1238 4804 2719 4888; baseline -0.002 -20"><span class='ocrx_word' id='word_1_232' title='bbox 1238 4824 1401 4868; x_wconf 77' lang='lat' dir='ltr'>aevo</span> <span class='ocrx_word' id='word_1_233' title='bbox 1434 4804 1499 4865; x_wconf 90' lang='lat' dir='ltr'>in</span> <span class='ocrx_word' id='word_1_234' title='bbox 1538 4805 1730 4868; x_wconf 80' lang='lat' dir='ltr'>variis</span> <span class='ocrx_word' id='word_1_235' title='bbox 1763 4805 1953 4867; x_wconf 83' lang='lat' dir='ltr'>Asiae</span> <span class='ocrx_word' id='word_1_236' title='bbox 1994 4806 2263 4868; x_wconf 84' lang='lat' dir='ltr'>urbibus</span> <span class='ocrx_word' id='word_1_237' title='bbox 2295 4804 2525 4888; x_wconf 84' lang='lat' dir='ltr'>signati</span> <span class='ocrx_word' id='word_1_238' title='bbox 2554 4817 2719 4880; x_wconf 88' lang='lat' dir='ltr'>sunt,</span> 
     </span>
    </p>
   </div>
   <div class='ocr_carea' id='block_1_11' title="bbox 2826 1042 4166 1233">
    <p class='ocr_par' dir='ltr' id='par_1_11' title="bbox 2826 1042 4166 1233">
     <span class='ocr_line' id='line_1_41' title="bbox 2952 1042 4164 1129; baseline -0.002 -21"><span class='ocrx_word' id='word_1_239' title='bbox 2952 1042 3244 1109; x_wconf 82' lang='lat' dir='ltr'><strong>ZMTP.</strong></span> <span class='ocrx_word' id='word_1_240' title='bbox 3303 1050 3516 1129; x_wconf 81' lang='lat' dir='ltr'>Caput</span> <span class='ocrx_word' id='word_1_241' title='bbox 3560 1047 3834 1112; x_wconf 80' lang='lat' dir='ltr'>Neronis</span> <span class='ocrx_word' id='word_1_242' title='bbox 3868 1050 4056 1110; x_wconf 77' lang='lat' dir='ltr'>nudum</span> <span class='ocrx_word' id='word_1_243' title='bbox 4077 1048 4164 1108; x_wconf 79' lang='lat' dir='ltr'>bar·</span> 
     </span>
     <span class='ocr_line' id='line_1_42' title="bbox 2826 1140 4166 1233; baseline 0.001 -23"><span class='ocrx_word' id='word_1_244' title='bbox 2826 1149 3150 1212; x_wconf 75' lang='lat' dir='ltr'>botulum.</span> <span class='ocrx_word' id='word_1_245' title='bbox 3187 1145 3238 1208; x_wconf 63' lang='grc' dir='ltr'><strong>Ξ</strong></span> <span class='ocrx_word' id='word_1_246' title='bbox 3278 1143 3474 1233; x_wconf 80' lang='grc' dir='ltr'><strong>ΕΠΙ.</strong></span> <span class='ocrx_word' id='word_1_247' title='bbox 3520 1140 3977 1216; x_wconf 69' lang='grc' dir='ltr'><strong>ΦΙΛΙΣΤΟΤ.</strong></span> <span class='ocrx_word' id='word_1_248' title='bbox 4006 1149 4166 1212; x_wconf 84' lang='lat' dir='ltr'><strong>EIKA·</strong></span> 
     </span>
    </p>
   </div>
   <div class='ocr_carea' id='block_1_12' title="bbox 2821 1245 4162 1333">
    <p class='ocr_par' dir='ltr' id='par_1_12' title="bbox 2821 1245 4162 1333">
     <span class='ocr_line' id='line_1_43' title="bbox 2821 1245 4162 1333; baseline 0 -25"><span class='ocrx_word' id='word_1_249' title='bbox 2821 1245 3073 1312; x_wconf 79' lang='grc' dir='ltr'><strong>ΔΙΟΣ.</strong></span> <span class='ocrx_word' id='word_1_250' title='bbox 3149 1247 3461 1315; x_wconf 70' lang='lat' dir='ltr'>Victoria</span> <span class='ocrx_word' id='word_1_251' title='bbox 3507 1254 3812 1332; x_wconf 75' lang='lat' dir='ltr'>gracilem</span> <span class='ocrx_word' id='word_1_252' title='bbox 3857 1273 3903 1315; x_wconf 84' lang='lat' dir='ltr'>s.</span> <span class='ocrx_word' id='word_1_253' title='bbox 3940 1263 4162 1333; x_wconf 81' lang='lat' dir='ltr'>tropaeum</span> 
     </span>
    </p>
   </div>
   <div class='ocr_carea' id='block_1_13' title="bbox 2826 1350 4188 3470">
    <p class='ocr_par' dir='ltr' id='par_1_13' title="bbox 2828 1350 3689 1433">
     <span class='ocr_line' id='line_1_44' title="bbox 2828 1350 3689 1433; baseline 0.008 -22"><span class='ocrx_word' id='word_1_254' title='bbox 2828 1369 3027 1433; x_wconf 81' lang='lat' dir='ltr'>super</span> <span class='ocrx_word' id='word_1_255' title='bbox 3059 1350 3352 1416; x_wconf 72' lang='lat' dir='ltr'>humero.</span> <span class='ocrx_word' id='word_1_256' title='bbox 3395 1350 3540 1416; x_wconf 82' lang='grc' dir='ltr'>ΑΕ.</span> <span class='ocrx_word' id='word_1_257' title='bbox 3579 1355 3689 1418; x_wconf 89' lang='grc' dir='ltr'>ΠΙ.</span> 
     </span>
    </p>

    <p class='ocr_par' dir='ltr' id='par_1_14' title="bbox 2826 1449 4188 3470">
     <span class='ocr_line' id='line_1_45' title="bbox 2955 1449 4162 1551; baseline 0 -40"><span class='ocrx_word' id='word_1_258' title='bbox 2955 1450 3243 1515; x_wconf 89' lang='lat' dir='ltr'>Numum</span> <span class='ocrx_word' id='word_1_259' title='bbox 3293 1451 3574 1517; x_wconf 83' lang='lat' dir='ltr'>similem</span> <span class='ocrx_word' id='word_1_260' title='bbox 3626 1452 3896 1538; x_wconf 79' lang='lat' dir='ltr'>vulgavit</span> <span class='ocrx_word' id='word_1_261' title='bbox 3936 1449 4162 1551; x_wconf 41' lang='lat' dir='ltr'>Ray-mins,</span> 
     </span>
     <span class='ocr_line' id='line_1_46' title="bbox 2828 1549 4163 1636; baseline -0.006 -22"><span class='ocrx_word' id='word_1_262' title='bbox 2828 1563 2898 1614; x_wconf 87' lang='lat' dir='ltr'>et</span> <span class='ocrx_word' id='word_1_263' title='bbox 2951 1550 3266 1634; x_wconf 84' lang='lat' dir='ltr'>conjecit,</span> <span class='ocrx_word' id='word_1_264' title='bbox 3325 1569 3576 1636; x_wconf 86' lang='lat' dir='ltr'>partem</span> <span class='ocrx_word' id='word_1_265' title='bbox 3637 1557 3889 1618; x_wconf 83' lang='lat' dir='ltr'>anticam</span> <span class='ocrx_word' id='word_1_266' title='bbox 3940 1549 4163 1634; x_wconf 82' lang='lat' dir='ltr'>praeferre</span> 
     </span>
     <span class='ocr_line' id='line_1_47' title="bbox 2829 1648 4164 1740; baseline 0.003 -25"><span class='ocrx_word' id='word_1_267' title='bbox 2829 1667 3021 1736; x_wconf 87' lang='lat' dir='ltr'>caput</span> <span class='ocrx_word' id='word_1_268' title='bbox 3055 1654 3247 1718; x_wconf 88' lang='lat' dir='ltr'>Lucii</span> <span class='ocrx_word' id='word_1_269' title='bbox 3282 1656 3596 1719; x_wconf 77' lang='lat' dir='ltr'>Caesaris.</span> <span class='ocrx_word' id='word_1_270' title='bbox 3649 1660 3861 1740; x_wconf 77' lang='lat' dir='ltr'>(Toni.</span> <span class='ocrx_word' id='word_1_271' title='bbox 3895 1657 3958 1716; x_wconf 88' lang='lat'>11.</span> <span class='ocrx_word' id='word_1_272' title='bbox 3999 1648 4164 1735; x_wconf 49' lang='lat' dir='ltr'>pan.)</span> 
     </span>
     <span class='ocr_line' id='line_1_48' title="bbox 2827 1750 4169 1838; baseline -0.004 -22"><span class='ocrx_word' id='word_1_273' title='bbox 2827 1756 2976 1817; x_wconf 90' lang='lat' dir='ltr'>Non</span> <span class='ocrx_word' id='word_1_274' title='bbox 3034 1754 3183 1816; x_wconf 88' lang='lat' dir='ltr'>tulit</span> <span class='ocrx_word' id='word_1_275' title='bbox 3247 1755 3558 1838; x_wconf 85' lang='lat' dir='ltr'>judicium</span> <span class='ocrx_word' id='word_1_276' title='bbox 3603 1757 3771 1821; x_wconf 87' lang='lat' dir='ltr'>istud</span> <span class='ocrx_word' id='word_1_277' title='bbox 3812 1755 4042 1817; x_wconf 87' lang='lat' dir='ltr'>Liebeus</span> <span class='ocrx_word' id='word_1_278' title='bbox 4073 1750 4169 1812; x_wconf 76' lang='lat' dir='ltr'>alter</span> 
     </span>
     <span class='ocr_line' id='line_1_49' title="bbox 2826 1849 4169 1941; baseline 0.007 -24"><span class='ocrx_word' id='word_1_279' title='bbox 2826 1856 3007 1917; x_wconf 87' lang='lat' dir='ltr'>numi</span> <span class='ocrx_word' id='word_1_280' title='bbox 3034 1855 3260 1918; x_wconf 87' lang='lat' dir='ltr'>similis</span> <span class='ocrx_word' id='word_1_281' title='bbox 3289 1877 3552 1941; x_wconf 87' lang='lat' dir='ltr'>praeco.</span> <span class='ocrx_word' id='word_1_282' title='bbox 3591 1859 3813 1941; x_wconf 83' lang='lat' dir='ltr'>(Goth.</span> <span class='ocrx_word' id='word_1_283' title='bbox 3839 1877 3985 1920; x_wconf 84' lang='lat' dir='ltr'>num.</span> <span class='ocrx_word' id='word_1_284' title='bbox 4007 1849 4169 1938; x_wconf 59' lang='lat'>90334)</span> 
     </span>
     <span class='ocr_line' id='line_1_50' title="bbox 2826 1957 4171 2044; baseline -0.004 -26"><span class='ocrx_word' id='word_1_285' title='bbox 2826 1959 2991 2019; x_wconf 86' lang='lat' dir='ltr'>Nam</span> <span class='ocrx_word' id='word_1_286' title='bbox 3025 1977 3173 2020; x_wconf 86' lang='lat' dir='ltr'>cum</span> <span class='ocrx_word' id='word_1_287' title='bbox 3198 1957 3263 2018; x_wconf 88' lang='lat' dir='ltr'>in</span> <span class='ocrx_word' id='word_1_288' title='bbox 3289 1979 3518 2037; x_wconf 88' lang='lat' dir='ltr'>numo,</span> <span class='ocrx_word' id='word_1_289' title='bbox 3558 1981 3752 2042; x_wconf 87' lang='lat' dir='ltr'>quem</span> <span class='ocrx_word' id='word_1_290' title='bbox 3784 1959 3981 2044; x_wconf 85' lang='lat' dir='ltr'>pagina</span> <span class='ocrx_word' id='word_1_291' title='bbox 4007 1968 4171 2037; x_wconf 80' lang='lat' dir='ltr'>praece·</span> 
     </span>
     <span class='ocr_line' id='line_1_51' title="bbox 2828 2048 4173 2145; baseline -0.007 -24"><span class='ocrx_word' id='word_1_292' title='bbox 2828 2059 3025 2123; x_wconf 84' lang='lat' dir='ltr'>dente</span> <span class='ocrx_word' id='word_1_293' title='bbox 3079 2058 3296 2136; x_wconf 86' lang='lat' dir='ltr'>dedit,</span> <span class='ocrx_word' id='word_1_294' title='bbox 3351 2060 3611 2126; x_wconf 81' lang='lat' dir='ltr'>videret</span> <span class='ocrx_word' id='word_1_295' title='bbox 3653 2061 3852 2145; x_wconf 87' lang='lat' dir='ltr'>capita</span> <span class='ocrx_word' id='word_1_296' title='bbox 3882 2060 4050 2142; x_wconf 73' lang='lat' dir='ltr'>jugata</span> <span class='ocrx_word' id='word_1_297' title='bbox 4076 2048 4173 2114; x_wconf 75' lang='lat' dir='ltr'>cali·</span> 
     </span>
     <span class='ocr_line' id='line_1_52' title="bbox 2831 2156 4171 2246; baseline -0.005 -23"><span class='ocrx_word' id='word_1_298' title='bbox 2831 2163 3046 2246; x_wconf 82' lang='lat' dir='ltr'>gulae,</span> <span class='ocrx_word' id='word_1_299' title='bbox 3083 2160 3353 2246; x_wconf 86' lang='lat' dir='ltr'>ejusque</span> <span class='ocrx_word' id='word_1_300' title='bbox 3377 2162 3612 2226; x_wconf 79' lang='lat' dir='ltr'>matris</span> <span class='ocrx_word' id='word_1_301' title='bbox 3645 2161 4005 2246; x_wconf 80' lang='lat' dir='ltr'>Agrippinae</span> <span class='ocrx_word' id='word_1_302' title='bbox 4025 2156 4171 2234; x_wconf 71' lang='lat' dir='ltr'>scripto</span> 
     </span>
     <span class='ocr_line' id='line_1_53' title="bbox 2830 2251 4175 2327; baseline -0.005 -5"><span class='ocrx_word' id='word_1_303' title='bbox 2830 2264 2986 2325; x_wconf 88' lang='lat' dir='ltr'>item</span> <span class='ocrx_word' id='word_1_304' title='bbox 3034 2262 3100 2323; x_wconf 91' lang='lat' dir='ltr'>in</span> <span class='ocrx_word' id='word_1_305' title='bbox 3146 2282 3371 2327; x_wconf 88' lang='lat' dir='ltr'>aversa</span> <span class='ocrx_word' id='word_1_306' title='bbox 3417 2257 3607 2327; x_wconf 86' lang='grc' dir='ltr'><strong>ΕΠΙ.</strong></span> <span class='ocrx_word' id='word_1_307' title='bbox 3655 2251 4175 2325; x_wconf 71' lang='lat' dir='ltr'>‹1³1A12TOT.E1·</span> 
     </span>
     <span class='ocr_line' id='line_1_54' title="bbox 2829 2352 4174 2448; baseline -0.004 -23"><span class='ocrx_word' id='word_1_308' title='bbox 2829 2357 3248 2440; x_wconf 85' lang='grc' dir='ltr'><strong>ΚΑΔΙΟΣ.,</strong></span> <span class='ocrx_word' id='word_1_309' title='bbox 3316 2365 3494 2448; x_wconf 85' lang='lat' dir='ltr'>jure·</span> <span class='ocrx_word' id='word_1_310' title='bbox 3531 2365 3774 2446; x_wconf 87' lang='lat' dir='ltr'>arguit,</span> <span class='ocrx_word' id='word_1_311' title='bbox 3831 2381 4068 2432; x_wconf 85' lang='lat' dir='ltr'>numum,</span> <span class='ocrx_word' id='word_1_312' title='bbox 4116 2352 4174 2435; x_wconf 69' lang='lat' dir='ltr'>qui</span> 
     </span>
     <span class='ocr_line' id='line_1_55' title="bbox 2833 2450 4175 2546; baseline -0.004 -19"><span class='ocrx_word' id='word_1_313' title='bbox 2833 2466 3200 2527; x_wconf 74' lang='lat' dir='ltr'>Philistum</span> <span class='ocrx_word' id='word_1_314' title='bbox 3285 2466 3722 2546; x_wconf 76' lang='lat' dir='ltr'>leodiumque</span> <span class='ocrx_word' id='word_1_315' title='bbox 3801 2464 4058 2546; x_wconf 84' lang='lat' dir='ltr'>Smyrnae</span> <span class='ocrx_word' id='word_1_316' title='bbox 4112 2450 4175 2514; x_wconf 70' lang='lat' dir='ltr'>sub</span> 
     </span>
     <span class='ocr_line' id='line_1_56' title="bbox 2835 2561 4176 2650; baseline -0.001 -23"><span class='ocrx_word' id='word_1_317' title='bbox 2835 2566 3128 2650; x_wconf 85' lang='lat' dir='ltr'>Caligula</span> <span class='ocrx_word' id='word_1_318' title='bbox 3166 2567 3576 2650; x_wconf 86' lang='lat' dir='ltr'>magistratus</span> <span class='ocrx_word' id='word_1_319' title='bbox 3601 2564 3989 2639; x_wconf 72' lang='lat' dir='ltr'>contineret,</span> <span class='ocrx_word' id='word_1_320' title='bbox 4020 2561 4069 2620; x_wconf 85' lang='lat' dir='ltr'>in</span> <span class='ocrx_word' id='word_1_321' title='bbox 4090 2571 4176 2617; x_wconf 72' lang='lat' dir='ltr'>tem·</span> 
     </span>
     <span class='ocr_line' id='line_1_57' title="bbox 2834 2660 4181 2751; baseline -0.007 -21"><span class='ocrx_word' id='word_1_322' title='bbox 2834 2660 3002 2751; x_wconf 84' lang='lat' dir='ltr'>pora</span> <span class='ocrx_word' id='word_1_323' title='bbox 3039 2668 3317 2751; x_wconf 82' lang='lat' dir='ltr'>Augusti</span> <span class='ocrx_word' id='word_1_324' title='bbox 3355 2689 3490 2730; x_wconf 89' lang='lat' dir='ltr'>non</span> <span class='ocrx_word' id='word_1_325' title='bbox 3537 2687 3738 2751; x_wconf 87' lang='lat' dir='ltr'>posse</span> <span class='ocrx_word' id='word_1_326' title='bbox 3772 2665 4016 2741; x_wconf 87' lang='lat' dir='ltr'>retrahi,</span> <span class='ocrx_word' id='word_1_327' title='bbox 4056 2674 4181 2741; x_wconf 71' lang='lat' dir='ltr'>neque</span> 
     </span>
     <span class='ocr_line' id='line_1_58' title="bbox 2837 2754 4178 2857; baseline -0.004 -24"><span class='ocrx_word' id='word_1_328' title='bbox 2837 2770 3002 2833; x_wconf 87' lang='lat' dir='ltr'>adeo</span> <span class='ocrx_word' id='word_1_329' title='bbox 3045 2770 3295 2834; x_wconf 80' lang='lat' dir='ltr'>vultum</span> <span class='ocrx_word' id='word_1_330' title='bbox 3338 2769 3527 2835; x_wconf 89' lang='lat' dir='ltr'>Lucii</span> <span class='ocrx_word' id='word_1_331' title='bbox 3567 2771 3850 2857; x_wconf 85' lang='lat' dir='ltr'>insculpi</span> <span class='ocrx_word' id='word_1_332' title='bbox 3900 2785 4079 2838; x_wconf 87' lang='lat' dir='ltr'>numo,</span> <span class='ocrx_word' id='word_1_333' title='bbox 4121 2754 4178 2839; x_wconf 80' lang='lat' dir='ltr'>qui</span> 
     </span>
     <span class='ocr_line' id='line_1_59' title="bbox 2833 2856 4183 2955; baseline -0.005 -22"><span class='ocrx_word' id='word_1_334' title='bbox 2833 2870 3093 2955; x_wconf 87' lang='lat' dir='ltr'>pridem</span> <span class='ocrx_word' id='word_1_335' title='bbox 3130 2872 3264 2935; x_wconf 83' lang='lat' dir='ltr'>fato</span> <span class='ocrx_word' id='word_1_336' title='bbox 3297 2872 3554 2936; x_wconf 83' lang='lat' dir='ltr'>functus</span> <span class='ocrx_word' id='word_1_337' title='bbox 3589 2888 3791 2939; x_wconf 85' lang='lat' dir='ltr'>esset.</span> <span class='ocrx_word' id='word_1_338' title='bbox 3869 2874 3995 2933; x_wconf 83' lang='lat' dir='ltr'>Non</span> <span class='ocrx_word' id='word_1_339' title='bbox 4015 2856 4183 2929; x_wconf 70' lang='lat' dir='ltr'>advertit</span> 
     </span>
     <span class='ocr_line' id='line_1_60' title="bbox 2834 2972 4181 3061; baseline -0.006 -24"><span class='ocrx_word' id='word_1_340' title='bbox 2834 2974 2939 3037; x_wconf 73' lang='lat' dir='ltr'>vir</span> <span class='ocrx_word' id='word_1_341' title='bbox 2988 2972 3280 3037; x_wconf 86' lang='lat' dir='ltr'>eruditus</span> <span class='ocrx_word' id='word_1_342' title='bbox 3322 2997 3499 3037; x_wconf 85' lang='lat' dir='ltr'>suam</span> <span class='ocrx_word' id='word_1_343' title='bbox 3547 2976 3756 3061; x_wconf 83' lang='lat' dir='ltr'>ipsius</span> <span class='ocrx_word' id='word_1_344' title='bbox 3795 2992 4014 3037; x_wconf 80' lang='lat' dir='ltr'>causam</span> <span class='ocrx_word' id='word_1_345' title='bbox 4038 2976 4181 3050; x_wconf 64' lang='lat' dir='ltr'>postte·</span> 
     </span>
     <span class='ocr_line' id='line_1_61' title="bbox 2836 3059 4183 3160; baseline -0.008 -24"><span class='ocrx_word' id='word_1_346' title='bbox 2836 3095 2945 3137; x_wconf 90' lang='lat' dir='ltr'>mo</span> <span class='ocrx_word' id='word_1_347' title='bbox 2990 3077 3116 3139; x_wconf 85' lang='lat' dir='ltr'>hoc</span> <span class='ocrx_word' id='word_1_348' title='bbox 3163 3081 3547 3160; x_wconf 79' lang='lat' dir='ltr'>argumento</span> <span class='ocrx_word' id='word_1_349' title='bbox 3586 3075 3971 3154; x_wconf 79' lang='lat' dir='ltr'>labefactari.</span> <span class='ocrx_word' id='word_1_350' title='bbox 4030 3059 4183 3129; x_wconf 71' lang='lat' dir='ltr'>Namsi</span> 
     </span>
     <span class='ocr_line' id='line_1_62' title="bbox 2835 3164 4183 3262; baseline 0.005 -25"><span class='ocrx_word' id='word_1_351' title='bbox 2835 3176 3010 3238; x_wconf 84' lang='lat' dir='ltr'>istud</span> <span class='ocrx_word' id='word_1_352' title='bbox 3049 3178 3262 3256; x_wconf 83' lang='lat' dir='ltr'>valet,</span> <span class='ocrx_word' id='word_1_353' title='bbox 3299 3199 3428 3262; x_wconf 90' lang='lat' dir='ltr'>quo</span> <span class='ocrx_word' id='word_1_354' title='bbox 3475 3192 3671 3262; x_wconf 84' lang='lat' dir='ltr'>pacto</span> <span class='ocrx_word' id='word_1_355' title='bbox 3716 3199 3863 3242; x_wconf 88' lang='lat' dir='ltr'>cum</span> <span class='ocrx_word' id='word_1_356' title='bbox 3899 3169 4112 3256; x_wconf 74' lang='lat' dir='ltr'>caligula</span> <span class='ocrx_word' id='word_1_357' title='bbox 4138 3164 4183 3244; x_wconf 55' lang='lat' dir='ltr'>ifl&#39;</span> 
     </span>
     <span class='ocr_line' id='line_1_63' title="bbox 2840 3275 4188 3364; baseline -0.006 -23"><span class='ocrx_word' id='word_1_358' title='bbox 2840 3279 2982 3363; x_wconf 86' lang='lat' dir='ltr'>gari</span> <span class='ocrx_word' id='word_1_359' title='bbox 3013 3281 3242 3364; x_wconf 87' lang='lat' dir='ltr'>potuit,</span> <span class='ocrx_word' id='word_1_360' title='bbox 3298 3293 3368 3341; x_wconf 89' lang='lat' dir='ltr'>ut</span> <span class='ocrx_word' id='word_1_361' title='bbox 3405 3279 3542 3362; x_wconf 87' lang='lat' dir='ltr'>ipse</span> <span class='ocrx_word' id='word_1_362' title='bbox 3578 3283 3713 3344; x_wconf 86' lang='lat' dir='ltr'>hoc</span> <span class='ocrx_word' id='word_1_363' title='bbox 3746 3282 3890 3344; x_wconf 88' lang='lat' dir='ltr'>loeo</span> <span class='ocrx_word' id='word_1_364' title='bbox 3918 3275 4105 3344; x_wconf 80' lang='lat' dir='ltr'>docuit,</span> <span class='ocrx_word' id='word_1_365' title='bbox 4137 3286 4188 3325; x_wconf 65' lang='grc' dir='ltr'>ω·</span> 
     </span>
     <span class='ocr_line' id='line_1_64' title="bbox 2838 3379 4187 3470; baseline -0.013 -27"><span class='ocrx_word' id='word_1_366' title='bbox 2838 3396 2954 3465; x_wconf 85' lang='lat' dir='ltr'>put</span> <span class='ocrx_word' id='word_1_367' title='bbox 3017 3382 3418 3465; x_wconf 84' lang='lat' dir='ltr'>Agrippinae</span> <span class='ocrx_word' id='word_1_368' title='bbox 3449 3465 3454 3470; x_wconf 23' lang='grc' dir='ltr'>Ι</span> <span class='ocrx_word' id='word_1_369' title='bbox 3491 3384 3755 3459; x_wconf 86' lang='lat' dir='ltr'>matris,</span> <span class='ocrx_word' id='word_1_370' title='bbox 3833 3399 3979 3465; x_wconf 85' lang='lat' dir='ltr'>quae</span> <span class='ocrx_word' id='word_1_371' title='bbox 4039 3379 4187 3435; x_wconf 65' lang='lat' dir='ltr'>mortus</span> 
     </span>
    </p>
   </div>
   <div class='ocr_carea' id='block_1_14' title="bbox 2783 3464 4189 3569">
    <p class='ocr_par' dir='ltr' id='par_1_15' title="bbox 2783 3464 4189 3569">
     <span class='ocr_line' id='line_1_65' title="bbox 2783 3464 4189 3569; baseline -0.029 2"><span class='ocrx_word' id='word_1_372' title='bbox 2783 3539 2786 3540; x_wconf 39' lang='lat'><em>⁷</em></span> <span class='ocrx_word' id='word_1_373' title='bbox 2837 3484 2965 3569; x_wconf 66' lang='lat' dir='ltr'>jam</span> <span class='ocrx_word' id='word_1_374' title='bbox 3006 3483 3161 3559; x_wconf 66' lang='lat' dir='ltr'>fust,</span> <span class='ocrx_word' id='word_1_375' title='bbox 3194 3482 3450 3569; x_wconf 72' lang='lat' dir='ltr'>quando</span> <span class='ocrx_word' id='word_1_376' title='bbox 3495 3483 3843 3568; x_wconf 86' lang='lat' dir='ltr'>imperium</span> <span class='ocrx_word' id='word_1_377' title='bbox 3867 3481 4022 3543; x_wconf 82' lang='lat' dir='ltr'>&#39;filius</span> <span class='ocrx_word' id='word_1_378' title='bbox 4045 3464 4189 3537; x_wconf 77' lang='lat' dir='ltr'>adivit?</span> 
     </span>
    </p>
   </div>
   <div class='ocr_carea' id='block_1_15' title="bbox 2833 3583 4212 4890">
    <p class='ocr_par' dir='ltr' id='par_1_16' title="bbox 2833 3583 4212 4890">
     <span class='ocr_line' id='line_1_66' title="bbox 2841 3583 4189 3670; baseline -0.004 -23"><span class='ocrx_word' id='word_1_379' title='bbox 2841 3585 3055 3669; x_wconf 86' lang='lat' dir='ltr'>Atque</span> <span class='ocrx_word' id='word_1_380' title='bbox 3117 3585 3223 3648; x_wconf 84' lang='lat' dir='ltr'>vel</span> <span class='ocrx_word' id='word_1_381' title='bbox 3273 3599 3632 3668; x_wconf 83' lang='lat' dir='ltr'>propterea</span> <span class='ocrx_word' id='word_1_382' title='bbox 3684 3586 4055 3670; x_wconf 77' lang='lat' dir='ltr'>exploratum</span> <span class='ocrx_word' id='word_1_383' title='bbox 4084 3583 4189 3657; x_wconf 64' lang='grc' dir='ltr'>Ρῠῑῠι</span> 
     </span>
     <span class='ocr_line' id='line_1_67' title="bbox 2843 3684 4191 3772; baseline -0.006 -23"><span class='ocrx_word' id='word_1_384' title='bbox 2843 3687 3051 3769; x_wconf 84' lang='lat' dir='ltr'>capita</span> <span class='ocrx_word' id='word_1_385' title='bbox 3084 3686 3248 3750; x_wconf 90' lang='lat' dir='ltr'>haec</span> <span class='ocrx_word' id='word_1_386' title='bbox 3281 3689 3613 3771; x_wconf 87' lang='lat' dir='ltr'>Caligulae</span> <span class='ocrx_word' id='word_1_387' title='bbox 3655 3702 3725 3752; x_wconf 87' lang='lat' dir='ltr'>et</span> <span class='ocrx_word' id='word_1_388' title='bbox 3756 3684 4100 3772; x_wconf 81' lang='lat' dir='ltr'>Agrippinae</span> <span class='ocrx_word' id='word_1_389' title='bbox 4122 3689 4191 3733; x_wconf 61' lang='grc' dir='ltr'>Μ’</span> 
     </span>
     <span class='ocr_line' id='line_1_68' title="bbox 2843 3774 4192 3875; baseline -0.006 -24"><span class='ocrx_word' id='word_1_390' title='bbox 2843 3807 3011 3864; x_wconf 86' lang='lat' dir='ltr'>esse,</span> <span class='ocrx_word' id='word_1_391' title='bbox 3040 3783 3185 3851; x_wconf 80' lang='lat' dir='ltr'>nam</span> <span class='ocrx_word' id='word_1_392' title='bbox 3213 3789 3322 3853; x_wconf 81' lang='lat' dir='ltr'>vix</span> <span class='ocrx_word' id='word_1_393' title='bbox 3348 3790 3580 3875; x_wconf 86' lang='lat' dir='ltr'>aliqua,</span> <span class='ocrx_word' id='word_1_394' title='bbox 3602 3803 3714 3852; x_wconf 89' lang='lat' dir='ltr'>aut</span> <span class='ocrx_word' id='word_1_395' title='bbox 3740 3802 3920 3866; x_wconf 81' lang='lat' dir='ltr'>certe</span> <span class='ocrx_word' id='word_1_396' title='bbox 3939 3774 4192 3871; x_wconf 63' lang='lat' dir='ltr'>paucissim</span> 
     </span>
     <span class='ocr_line' id='line_1_69' title="bbox 2843 3883 4192 3980; baseline -0.011 -26"><span class='ocrx_word' id='word_1_397' title='bbox 2843 3903 3094 3954; x_wconf 81' lang='lat' dir='ltr'>exstant</span> <span class='ocrx_word' id='word_1_398' title='bbox 3138 3891 3438 3974; x_wconf 85' lang='lat' dir='ltr'>exempla</span> <span class='ocrx_word' id='word_1_399' title='bbox 3479 3891 3685 3974; x_wconf 84' lang='lat' dir='ltr'>jugati</span> <span class='ocrx_word' id='word_1_400' title='bbox 3731 3890 3951 3972; x_wconf 80' lang='lat' dir='ltr'>capitis</span> <span class='ocrx_word' id='word_1_401' title='bbox 3989 3883 4086 3949; x_wconf 73' lang='lat' dir='ltr'>vivi</span> <span class='ocrx_word' id='word_1_402' title='bbox 4117 3891 4192 3980; x_wconf 72' lang='lat'><strong>⁶¹²¹.</strong></span> 
     </span>
     <span class='ocr_line' id='line_1_70' title="bbox 2841 3992 4199 4075; baseline -0.003 -20"><span class='ocrx_word' id='word_1_403' title='bbox 2841 3992 3052 4075; x_wconf 88' lang='lat' dir='ltr'>capite</span> <span class='ocrx_word' id='word_1_404' title='bbox 3099 3994 3356 4055; x_wconf 82' lang='lat' dir='ltr'>mortui.</span> <span class='ocrx_word' id='word_1_405' title='bbox 3426 3994 3734 4055; x_wconf 84' lang='lat' dir='ltr'>Decisam</span> <span class='ocrx_word' id='word_1_406' title='bbox 3793 3992 3969 4055; x_wconf 87' lang='lat' dir='ltr'>litem</span> <span class='ocrx_word' id='word_1_407' title='bbox 4013 3997 4139 4070; x_wconf 63' lang='lat' dir='ltr'>pult,</span> <span class='ocrx_word' id='word_1_408' title='bbox 4170 3992 4199 4031; x_wconf 76' lang='lat'>⁵²</span> 
     </span>
     <span class='ocr_line' id='line_1_71' title="bbox 2843 4081 4196 4174; baseline -0.008 -19"><span class='ocrx_word' id='word_1_409' title='bbox 2843 4106 3114 4166; x_wconf 85' lang='lat' dir='ltr'>statuas,</span> <span class='ocrx_word' id='word_1_410' title='bbox 3169 4093 3237 4154; x_wconf 88' lang='lat' dir='ltr'>in</span> <span class='ocrx_word' id='word_1_411' title='bbox 3280 4114 3478 4156; x_wconf 87' lang='lat' dir='ltr'>numo</span> <span class='ocrx_word' id='word_1_412' title='bbox 3522 4094 3865 4157; x_wconf 89' lang='lat' dir='ltr'>Liebeano</span> <span class='ocrx_word' id='word_1_413' title='bbox 3908 4081 4196 4174; x_wconf 56' lang='lat' dir='ltr'>proponi&amp;</span> 
     </span>
     <span class='ocr_line' id='line_1_72' title="bbox 2839 4190 4202 4280; baseline -0.003 -25"><span class='ocrx_word' id='word_1_414' title='bbox 2839 4194 2975 4277; x_wconf 84' lang='lat' dir='ltr'>pita</span> <span class='ocrx_word' id='word_1_415' title='bbox 3003 4195 3256 4257; x_wconf 88' lang='lat' dir='ltr'>Claudii</span> <span class='ocrx_word' id='word_1_416' title='bbox 3284 4210 3351 4259; x_wconf 92' lang='lat' dir='ltr'>et</span> <span class='ocrx_word' id='word_1_417' title='bbox 3379 4196 3786 4280; x_wconf 85' lang='lat' dir='ltr'>Agrippinae</span> <span class='ocrx_word' id='word_1_418' title='bbox 3813 4190 4074 4278; x_wconf 73' lang='lat' dir='ltr'>junioris,</span> <span class='ocrx_word' id='word_1_419' title='bbox 4096 4197 4202 4267; x_wconf 62' lang='lat' dir='ltr'><strong>&lt;1⁰³ss</strong></span> 
     </span>
     <span class='ocr_line' id='line_1_73' title="bbox 2838 4295 4200 4380; baseline -0.006 -21"><span class='ocrx_word' id='word_1_420' title='bbox 2838 4297 3223 4360; x_wconf 82' lang='lat' dir='ltr'>sententiam</span> <span class='ocrx_word' id='word_1_421' title='bbox 3257 4297 3451 4380; x_wconf 84' lang='lat' dir='ltr'>plane</span> <span class='ocrx_word' id='word_1_422' title='bbox 3482 4295 3830 4361; x_wconf 80' lang='lat' dir='ltr'>confirmat</span> <span class='ocrx_word' id='word_1_423' title='bbox 3870 4311 4070 4356; x_wconf 74' lang='lat' dir='ltr'>numus</span> <span class='ocrx_word' id='word_1_424' title='bbox 4098 4296 4200 4370; x_wconf 52' lang='lat' dir='ltr'>pfl?</span> 
     </span>
     <span class='ocr_line' id='line_1_74' title="bbox 2837 4382 4207 4482; baseline -0.004 -21"><span class='ocrx_word' id='word_1_425' title='bbox 2837 4419 3021 4474; x_wconf 77' lang='lat' dir='ltr'>sens,</span> <span class='ocrx_word' id='word_1_426' title='bbox 3053 4398 3237 4482; x_wconf 85' lang='lat' dir='ltr'>isque</span> <span class='ocrx_word' id='word_1_427' title='bbox 3274 4397 3744 4482; x_wconf 79' lang='lat' dir='ltr'>integerrimus</span> <span class='ocrx_word' id='word_1_428' title='bbox 3779 4419 3927 4463; x_wconf 87' lang='lat' dir='ltr'>eum</span> <span class='ocrx_word' id='word_1_429' title='bbox 3957 4391 4120 4475; x_wconf 72' lang='lat' dir='ltr'>eapite</span> <span class='ocrx_word' id='word_1_430' title='bbox 4138 4382 4207 4443; x_wconf 56' lang='lat'>3⁹2*</span> 
     </span>
     <span class='ocr_line' id='line_1_75' title="bbox 2833 4499 4204 4582; baseline -0.006 -22"><span class='ocrx_word' id='word_1_431' title='bbox 2833 4499 3015 4561; x_wconf 84' lang='lat' dir='ltr'>ronis</span> <span class='ocrx_word' id='word_1_432' title='bbox 3046 4500 3299 4582; x_wconf 86' lang='lat' dir='ltr'>juvenis</span> <span class='ocrx_word' id='word_1_433' title='bbox 3334 4501 3738 4576; x_wconf 79' lang='lat' dir='ltr'>certissimo,</span> <span class='ocrx_word' id='word_1_434' title='bbox 3782 4501 4076 4580; x_wconf 83' lang='lat' dir='ltr'>docetque</span> <span class='ocrx_word' id='word_1_435' title='bbox 4099 4499 4204 4572; x_wconf 58' lang='lat' dir='ltr'>pne·</span> 
     </span>
     <span class='ocr_line' id='line_1_76' title="bbox 2836 4589 4210 4690; baseline -0.006 -28"><span class='ocrx_word' id='word_1_436' title='bbox 2836 4613 3053 4675; x_wconf 84' lang='lat' dir='ltr'>terea,</span> <span class='ocrx_word' id='word_1_437' title='bbox 3089 4623 3321 4666; x_wconf 87' lang='lat' dir='ltr'>numos</span> <span class='ocrx_word' id='word_1_438' title='bbox 3356 4622 3616 4676; x_wconf 86' lang='lat' dir='ltr'>omnes,</span> <span class='ocrx_word' id='word_1_439' title='bbox 3657 4603 3771 4687; x_wconf 88' lang='lat' dir='ltr'>qui</span> <span class='ocrx_word' id='word_1_440' title='bbox 3809 4595 4048 4662; x_wconf 83' lang='lat' dir='ltr'>Philisti</span> <span class='ocrx_word' id='word_1_441' title='bbox 4076 4589 4210 4690; x_wconf 47' lang='lat' dir='ltr'>etltff·</span> 
     </span>
     <span class='ocr_line' id='line_1_77' title="bbox 2837 4690 4208 4787; baseline -0.006 -23"><span class='ocrx_word' id='word_1_442' title='bbox 2837 4703 2938 4764; x_wconf 86' lang='lat' dir='ltr'>dii·</span> <span class='ocrx_word' id='word_1_443' title='bbox 2976 4703 3369 4779; x_wconf 89' lang='lat' dir='ltr'>meminere,</span> <span class='ocrx_word' id='word_1_444' title='bbox 3434 4705 3687 4767; x_wconf 88' lang='lat' dir='ltr'>Claudii</span> <span class='ocrx_word' id='word_1_445' title='bbox 3740 4700 4012 4787; x_wconf 85' lang='lat' dir='ltr'>imperio</span> <span class='ocrx_word' id='word_1_446' title='bbox 4055 4690 4208 4756; x_wconf 50' lang='lat' dir='ltr'>debet,</span> 
     </span>
     <span class='ocr_line' id='line_1_78' title="bbox 2837 4792 4212 4890; baseline -0.01 -21"><span class='ocrx_word' id='word_1_447' title='bbox 2837 4805 3204 4868; x_wconf 87' lang='lat' dir='ltr'>Notandum</span> <span class='ocrx_word' id='word_1_448' title='bbox 3247 4820 3622 4890; x_wconf 83' lang='lat' dir='ltr'>praeterea,</span> <span class='ocrx_word' id='word_1_449' title='bbox 3673 4805 3995 4870; x_wconf 69' lang='lat' dir='ltr'>Wildium</span> <span class='ocrx_word' id='word_1_450' title='bbox 4034 4792 4212 4861; x_wconf 56' lang='lat' dir='ltr'>edidi-5⁵¹³</span> 
     </span>
    </p>
   </div>
  </div>
 </body>
</html>
