<?xml version="1.0" encoding="UTF-8"?>
<!DOCTYPE html PUBLIC "-//W3C//DTD XHTML 1.0 Transitional//EN"
    "http://www.w3.org/TR/xhtml1/DTD/xhtml1-transitional.dtd">
<html xmlns="http://www.w3.org/1999/xhtml" xml:lang="en" lang="en">
 <head>
  <title>
</title>
<meta http-equiv="Content-Type" content="text/html;charset=utf-8" />
  <meta name='ocr-system' content='tesseract 3.04.00' />
  <meta name='ocr-capabilities' content='ocr_page ocr_carea ocr_par ocr_line ocrx_word'/>
</head>
<body>
  <div class='ocr_page' id='page_1' title='image "./doctrinanumorum04hohlgoog/doctrinanumorum04hohlgoog_0430.png"; bbox 0 0 4388 5576; ppageno 0'>
   <div class='ocr_carea' id='block_1_1' title="bbox 979 450 1250 562">
    <p class='ocr_par' dir='ltr' id='par_1_1' title="bbox 979 450 1250 562">
     <span class='ocr_line' id='line_1_1' title="bbox 979 450 1250 562; baseline -0.018 -2"><span class='ocrx_word' id='word_1_1' title='bbox 979 450 1126 562; x_wconf 59' lang='lat' dir='ltr'><strong>titi)</strong></span> <span class='ocrx_word' id='word_1_2' title='bbox 1242 491 1250 496; x_wconf 85' lang='lat'><strong>·</strong></span> 
     </span>
    </p>
   </div>
   <div class='ocr_carea' id='block_1_2' title="bbox 978 617 2469 743">
    <p class='ocr_par' dir='ltr' id='par_1_2' title="bbox 978 617 2469 743">
     <span class='ocr_line' id='line_1_2' title="bbox 978 617 2469 743; baseline 0.002 -23"><span class='ocrx_word' id='word_1_3' title='bbox 978 663 1332 742; x_wconf 67' lang='lat' dir='ltr'><strong>Augustus.</strong></span> <span class='ocrx_word' id='word_1_4' title='bbox 1416 617 1701 721; x_wconf 81' lang='lat' dir='ltr'><strong>Rursum</strong></span> <span class='ocrx_word' id='word_1_5' title='bbox 1761 649 1942 723; x_wconf 86' lang='lat' dir='ltr'><strong>numi</strong></span> <span class='ocrx_word' id='word_1_6' title='bbox 2000 621 2111 723; x_wconf 89' lang='lat' dir='ltr'><strong>alii</strong></span> <span class='ocrx_word' id='word_1_7' title='bbox 2171 660 2469 743; x_wconf 84' lang='lat' dir='ltr'><strong>ejusdem</strong></span> 
     </span>
    </p>
   </div>
   <div class='ocr_carea' id='block_1_3' title="bbox 870 761 2468 835">
    <p class='ocr_par' dir='ltr' id='par_1_3' title="bbox 870 761 2468 835">
     <span class='ocr_line' id='line_1_3' title="bbox 870 761 2468 835; baseline 0.003 -10"><span class='ocrx_word' id='word_1_8' title='bbox 870 787 873 788; x_wconf 44' lang='lat'><em>⁷</em></span> <span class='ocrx_word' id='word_1_9' title='bbox 977 763 1130 825; x_wconf 70' lang='lat' dir='ltr'><strong>enni</strong></span> <span class='ocrx_word' id='word_1_10' title='bbox 1187 763 1311 825; x_wconf 77' lang='lat'><strong>832</strong></span> <span class='ocrx_word' id='word_1_11' title='bbox 1374 761 1861 826; x_wconf 72' lang='grc' dir='ltr'>Ιιιιοιὶὶιιιιιῑιιι·ι</span> <span class='ocrx_word' id='word_1_12' title='bbox 1926 765 2068 828; x_wconf 86' lang='lat' dir='ltr'><strong>TR.</strong></span> <span class='ocrx_word' id='word_1_13' title='bbox 2128 766 2203 829; x_wconf 92' lang='grc' dir='ltr'><strong>Ρ.</strong></span> <span class='ocrx_word' id='word_1_14' title='bbox 2268 765 2468 835; x_wconf 88' lang='lat' dir='ltr'><strong>VIIII.</strong></span> 
     </span>
    </p>
   </div>
   <div class='ocr_carea' id='block_1_4' title="bbox 948 863 2473 1166">
    <p class='ocr_par' dir='ltr' id='par_1_4' title="bbox 948 863 2473 1166">
     <span class='ocr_line' id='line_1_4' title="bbox 974 863 2473 950; baseline 0.002 -25.002"><span class='ocrx_word' id='word_1_15' title='bbox 974 863 1567 932; x_wconf 79' lang='lat' dir='ltr'><strong>COS.V11.cum</strong></span> <span class='ocrx_word' id='word_1_16' title='bbox 1632 863 1933 928; x_wconf 85' lang='lat' dir='ltr'><strong>omnibus</strong></span> <span class='ocrx_word' id='word_1_17' title='bbox 1977 864 2111 930; x_wconf 86' lang='lat' dir='ltr'><strong>Titi</strong></span> <span class='ocrx_word' id='word_1_18' title='bbox 2166 865 2293 950; x_wconf 84' lang='lat' dir='ltr'><strong>jam</strong></span> <span class='ocrx_word' id='word_1_19' title='bbox 2339 869 2473 934; x_wconf 87' lang='lat' dir='ltr'><strong>Au-</strong></span> 
     </span>
     <span class='ocr_line' id='line_1_5' title="bbox 982 964 2472 1054; baseline 0.004 -27"><span class='ocrx_word' id='word_1_20' title='bbox 982 966 1157 1049; x_wconf 79' lang='lat' dir='ltr'><strong>gusti</strong></span> <span class='ocrx_word' id='word_1_21' title='bbox 1232 964 1462 1033; x_wconf 83' lang='lat' dir='ltr'><strong>titulis.</strong></span> <span class='ocrx_word' id='word_1_22' title='bbox 1546 967 1649 1028; x_wconf 82' lang='lat' dir='ltr'><strong>Ex</strong></span> <span class='ocrx_word' id='word_1_23' title='bbox 1706 965 1894 1029; x_wconf 87' lang='lat' dir='ltr'><strong>dictis</strong></span> <span class='ocrx_word' id='word_1_24' title='bbox 1952 980 2165 1054; x_wconf 78' lang='lat' dir='ltr'><strong>patet,</strong></span> <span class='ocrx_word' id='word_1_25' title='bbox 2256 988 2371 1032; x_wconf 87' lang='lat' dir='ltr'><strong>eos</strong></span> <span class='ocrx_word' id='word_1_26' title='bbox 2433 991 2472 1033; x_wconf 77' lang='lat' dir='ltr'><strong>a</strong></span> 
     </span>
     <span class='ocr_line' id='line_1_6' title="bbox 948 1061 2471 1166; baseline 0.001 -36"><span class='ocrx_word' id='word_1_27' title='bbox 948 1069 1196 1154; x_wconf 41' lang='lat' dir='ltr'><strong>‘primo</strong></span> <span class='ocrx_word' id='word_1_28' title='bbox 1236 1069 1537 1133; x_wconf 75' lang='lat' dir='ltr'><strong>semestri</strong></span> <span class='ocrx_word' id='word_1_29' title='bbox 1563 1069 1918 1142; x_wconf 81' lang='lat' dir='ltr'><strong>arcendos3</strong></span> <span class='ocrx_word' id='word_1_30' title='bbox 1963 1068 2079 1131; x_wconf 89' lang='lat' dir='ltr'><strong>sed</strong></span> <span class='ocrx_word' id='word_1_31' title='bbox 2104 1090 2323 1162; x_wconf 75' lang='lat' dir='ltr'><strong>neque</strong></span> <span class='ocrx_word' id='word_1_32' title='bbox 2363 1061 2471 1166; x_wconf 60' lang='lat' dir='ltr'><strong>ex}</strong></span> 
     </span>
    </p>
   </div>
   <div class='ocr_carea' id='block_1_5' title="bbox 973 1170 2491 1458">
    <p class='ocr_par' dir='ltr' id='par_1_5' title="bbox 973 1170 2491 1458">
     <span class='ocr_line' id='line_1_7' title="bbox 977 1170 2473 1256; baseline 0.003 -25"><span class='ocrx_word' id='word_1_33' title='bbox 977 1171 1079 1254; x_wconf 82' lang='lat' dir='ltr'><strong>ire</strong></span> <span class='ocrx_word' id='word_1_34' title='bbox 1108 1172 1186 1234; x_wconf 88' lang='lat' dir='ltr'><strong>iis</strong></span> <span class='ocrx_word' id='word_1_35' title='bbox 1219 1193 1300 1234; x_wconf 83' lang='lat' dir='ltr'><strong>ex</strong></span> <span class='ocrx_word' id='word_1_36' title='bbox 1337 1170 1546 1235; x_wconf 86' lang='lat' dir='ltr'><strong>altero</strong></span> <span class='ocrx_word' id='word_1_37' title='bbox 1584 1174 1885 1256; x_wconf 77' lang='lat' dir='ltr'><strong>semestri</strong></span> <span class='ocrx_word' id='word_1_38' title='bbox 1907 1171 2097 1249; x_wconf 88' lang='lat' dir='ltr'><strong>licet,</strong></span> <span class='ocrx_word' id='word_1_39' title='bbox 2143 1193 2288 1233; x_wconf 87' lang='lat' dir='ltr'><strong>nam</strong></span> <span class='ocrx_word' id='word_1_40' title='bbox 2324 1192 2473 1255; x_wconf 81' lang='lat' dir='ltr'><strong>pro-</strong></span> 
     </span>
     <span class='ocr_line' id='line_1_8' title="bbox 976 1271 2491 1356; baseline 0.001 -22"><span class='ocrx_word' id='word_1_41' title='bbox 976 1271 1168 1350; x_wconf 83' lang='lat' dir='ltr'><strong>ximis</strong></span> <span class='ocrx_word' id='word_1_42' title='bbox 1224 1273 1373 1335; x_wconf 85' lang='lat' dir='ltr'><strong>Kal.</strong></span> <span class='ocrx_word' id='word_1_43' title='bbox 1440 1278 1573 1339; x_wconf 85' lang='lat' dir='ltr'><strong>Ian.</strong></span> <span class='ocrx_word' id='word_1_44' title='bbox 1661 1273 1847 1335; x_wconf 86' lang='lat' dir='ltr'><strong>Titus</strong></span> <span class='ocrx_word' id='word_1_45' title='bbox 1903 1273 2045 1356; x_wconf 76' lang='lat' dir='ltr'><strong>jam¹</strong></span> <span class='ocrx_word' id='word_1_46' title='bbox 2091 1272 2215 1335; x_wconf 80' lang='lat' dir='ltr'><strong>fuit</strong></span> <span class='ocrx_word' id='word_1_47' title='bbox 2278 1273 2491 1337; x_wconf 57' lang='lat' dir='ltr'><strong>Cos:</strong></span> 
     </span>
     <span class='ocr_line' id='line_1_9' title="bbox 973 1374 2473 1458; baseline 0.001 -24"><span class='ocrx_word' id='word_1_48' title='bbox 973 1376 1150 1458; x_wconf 89' lang='lat' dir='ltr'><strong>VIII.</strong></span> <span class='ocrx_word' id='word_1_49' title='bbox 1236 1374 1340 1437; x_wconf 77' lang='lat' dir='ltr'><strong>Ab</strong></span> <span class='ocrx_word' id='word_1_50' title='bbox 1390 1374 1488 1437; x_wconf 87' lang='lat' dir='ltr'><strong>bis</strong></span> <span class='ocrx_word' id='word_1_51' title='bbox 1533 1395 1697 1458; x_wconf 81' lang='lat' dir='ltr'><strong>ergo</strong></span> <span class='ocrx_word' id='word_1_52' title='bbox 1742 1374 2020 1457; x_wconf 85' lang='lat' dir='ltr'><strong>duplicis</strong></span> <span class='ocrx_word' id='word_1_53' title='bbox 2054 1388 2323 1439; x_wconf 83' lang='lat' dir='ltr'><strong>naturae</strong></span> <span class='ocrx_word' id='word_1_54' title='bbox 2357 1396 2473 1436; x_wconf 87' lang='lat' dir='ltr'><strong>nu·</strong></span> 
     </span>
    </p>
   </div>
   <div class='ocr_carea' id='block_1_6' title="bbox 971 1469 2469 1755">
    <p class='ocr_par' dir='ltr' id='par_1_6' title="bbox 971 1469 2469 1755">
     <span class='ocr_line' id='line_1_10' title="bbox 972 1469 2468 1566; baseline 0.001 -31"><span class='ocrx_word' id='word_1_55' title='bbox 972 1469 1105 1536; x_wconf 80' lang='lat' dir='ltr'><strong>&#39;mis</strong></span> <span class='ocrx_word' id='word_1_56' title='bbox 1148 1475 1501 1555; x_wconf 88' lang='lat' dir='ltr'><strong>docemur,</strong></span> <span class='ocrx_word' id='word_1_57' title='bbox 1545 1477 1845 1566; x_wconf 85' lang='lat' dir='ltr'><strong>quoniam</strong></span> <span class='ocrx_word' id='word_1_58' title='bbox 1895 1476 2014 1541; x_wconf 85' lang='lat' dir='ltr'><strong>sub</strong></span> <span class='ocrx_word' id='word_1_59' title='bbox 2052 1475 2291 1540; x_wconf 85' lang='lat' dir='ltr'><strong>eodem</strong></span> <span class='ocrx_word' id='word_1_60' title='bbox 2340 1477 2468 1539; x_wconf 88' lang='lat' dir='ltr'><strong>hoc</strong></span> 
     </span>
     <span class='ocr_line' id='line_1_11' title="bbox 976 1577 2469 1646; baseline -0.001 -5"><span class='ocrx_word' id='word_1_61' title='bbox 976 1577 1318 1642; x_wconf 73' lang='lat' dir='ltr'><strong>consulatu</strong></span> <span class='ocrx_word' id='word_1_62' title='bbox 1370 1578 1510 1644; x_wconf 86' lang='lat' dir='ltr'><strong>bini</strong></span> <span class='ocrx_word' id='word_1_63' title='bbox 1567 1578 1727 1646; x_wconf 68' lang='lat' dir='ltr'><strong>varii</strong></span> <span class='ocrx_word' id='word_1_64' title='bbox 1804 1578 2167 1646; x_wconf 84' lang='lat' dir='ltr'><strong>tribunatus</strong></span> <span class='ocrx_word' id='word_1_65' title='bbox 2239 1598 2469 1644; x_wconf 87' lang='lat' dir='ltr'><strong>occur-</strong></span> 
     </span>
     <span class='ocr_line' id='line_1_12' title="bbox 971 1681 2469 1755; baseline 0.002 -14"><span class='ocrx_word' id='word_1_66' title='bbox 971 1693 1162 1755; x_wconf 86' lang='lat' dir='ltr'><strong>runt,</strong></span> <span class='ocrx_word' id='word_1_67' title='bbox 1219 1702 1369 1746; x_wconf 87' lang='lat' dir='ltr'><strong>enm</strong></span> <span class='ocrx_word' id='word_1_68' title='bbox 1416 1681 1735 1744; x_wconf 73' lang='lat' dir='ltr'><strong>Kalendis</strong></span> <span class='ocrx_word' id='word_1_69' title='bbox 1778 1684 1913 1748; x_wconf 90' lang='lat' dir='ltr'><strong>Ian.</strong></span> <span class='ocrx_word' id='word_1_70' title='bbox 1973 1683 2277 1748; x_wconf 79' lang='lat' dir='ltr'><strong>iteratum</strong></span> <span class='ocrx_word' id='word_1_71' title='bbox 2337 1701 2469 1753; x_wconf 85' lang='lat' dir='ltr'><strong>non</strong></span> 
     </span>
    </p>
   </div>
   <div class='ocr_carea' id='block_1_7' title="bbox 972 1781 2472 1856">
    <p class='ocr_par' dir='ltr' id='par_1_7' title="bbox 972 1781 2472 1856">
     <span class='ocr_line' id='line_1_13' title="bbox 972 1781 2472 1856; baseline -0.001 -11"><span class='ocrx_word' id='word_1_72' title='bbox 972 1783 1197 1845; x_wconf 78' lang='lat' dir='ltr'><strong>fuisse.</strong></span> <span class='ocrx_word' id='word_1_73' title='bbox 1285 1781 1624 1845; x_wconf 85' lang='lat' dir='ltr'><strong>Docemur</strong></span> <span class='ocrx_word' id='word_1_74' title='bbox 1666 1783 1903 1847; x_wconf 83' lang='lat' dir='ltr'><strong>dein&#39;de</strong></span> <span class='ocrx_word' id='word_1_75' title='bbox 1940 1798 2167 1856; x_wconf 85' lang='lat' dir='ltr'><strong>eontra</strong></span> <span class='ocrx_word' id='word_1_76' title='bbox 2206 1787 2472 1850; x_wconf 72' lang='lat' dir='ltr'><strong>mazzo-</strong></span> 
     </span>
    </p>
   </div>
   <div class='ocr_carea' id='block_1_8' title="bbox 972 1875 2469 1968">
    <p class='ocr_par' dir='ltr' id='par_1_8' title="bbox 972 1875 2469 1968">
     <span class='ocr_line' id='line_1_14' title="bbox 972 1875 2469 1968; baseline 0.002 -25"><span class='ocrx_word' id='word_1_77' title='bbox 972 1884 1239 1961; x_wconf 86' lang='lat' dir='ltr'><strong>Ienum,</strong></span> <span class='ocrx_word' id='word_1_78' title='bbox 1299 1881 1449 1947; x_wconf 59' lang='lat' dir='ltr'><strong>non‘</strong></span> <span class='ocrx_word' id='word_1_79' title='bbox 1492 1875 1692 1968; x_wconf 81' lang='lat' dir='ltr'><strong>fuisse</strong></span> <span class='ocrx_word' id='word_1_80' title='bbox 1748 1900 2131 1948; x_wconf 84' lang='lat' dir='ltr'><strong>renovatum</strong></span> <span class='ocrx_word' id='word_1_81' title='bbox 2175 1885 2253 1948; x_wconf 89' lang='lat' dir='ltr'><strong>X.</strong></span> <span class='ocrx_word' id='word_1_82' title='bbox 2301 1885 2469 1966; x_wconf 81' lang='lat' dir='ltr'><strong>Dec.</strong></span> 
     </span>
    </p>
   </div>
   <div class='ocr_carea' id='block_1_9' title="bbox 848 1979 2467 2069">
    <p class='ocr_par' dir='ltr' id='par_1_9' title="bbox 848 1979 2467 2069">
     <span class='ocr_line' id='line_1_15' title="bbox 848 1979 2467 2069; baseline -0.002 -19"><span class='ocrx_word' id='word_1_83' title='bbox 848 2060 863 2069; x_wconf 37' lang='lat'><strong>⁴</strong></span> <span class='ocrx_word' id='word_1_84' title='bbox 966 1979 1047 2050; x_wconf 51' lang='lat' dir='ltr'><strong>‘In</strong></span> <span class='ocrx_word' id='word_1_85' title='bbox 1095 1985 1215 2049; x_wconf 88' lang='lat' dir='ltr'><strong>hac</strong></span> <span class='ocrx_word' id='word_1_86' title='bbox 1261 1986 1435 2047; x_wconf 90' lang='lat' dir='ltr'><strong>enim</strong></span> <span class='ocrx_word' id='word_1_87' title='bbox 1482 1987 1803 2052; x_wconf 86' lang='lat' dir='ltr'><strong>sententia</strong></span> <span class='ocrx_word' id='word_1_88' title='bbox 1844 2004 2119 2050; x_wconf 88' lang='lat' dir='ltr'><strong>necesse</strong></span> <span class='ocrx_word' id='word_1_89' title='bbox 2175 1986 2303 2048; x_wconf 88' lang='lat' dir='ltr'><strong>erit</strong></span> <span class='ocrx_word' id='word_1_90' title='bbox 2344 2000 2467 2049; x_wconf 80' lang='lat' dir='ltr'><strong>sta·</strong></span> 
     </span>
    </p>
   </div>
   <div class='ocr_carea' id='block_1_10' title="bbox 876 2086 2466 3389">
    <p class='ocr_par' dir='ltr' id='par_1_10' title="bbox 876 2086 2466 3389">
     <span class='ocr_line' id='line_1_16' title="bbox 970 2086 2464 2171; baseline 0.001 -21"><span class='ocrx_word' id='word_1_91' title='bbox 970 2103 1200 2161; x_wconf 88' lang='lat' dir='ltr'><strong>tuere,</strong></span> <span class='ocrx_word' id='word_1_92' title='bbox 1245 2086 1638 2155; x_wconf 80' lang='lat' dir='ltr'><strong>tribunatum</strong></span> <span class='ocrx_word' id='word_1_93' title='bbox 1678 2089 1846 2158; x_wconf 88' lang='lat' dir='ltr'><strong>V111.</strong></span> <span class='ocrx_word' id='word_1_94' title='bbox 1882 2089 2181 2171; x_wconf 82' lang='lat' dir='ltr'><strong>coepisse</strong></span> <span class='ocrx_word' id='word_1_95' title='bbox 2198 2090 2276 2160; x_wconf 82' lang='grc' dir='ltr'><strong>Χ.</strong></span> <span class='ocrx_word' id='word_1_96' title='bbox 2300 2089 2464 2152; x_wconf 89' lang='lat' dir='ltr'><strong>Dec.</strong></span> 
     </span>
     <span class='ocr_line' id='line_1_17' title="bbox 970 2190 2464 2265; baseline 0.001 -15"><span class='ocrx_word' id='word_1_97' title='bbox 970 2191 1052 2259; x_wconf 87' lang='lat' dir='ltr'><strong>V.</strong></span> <span class='ocrx_word' id='word_1_98' title='bbox 1100 2193 1173 2254; x_wconf 82' lang='lat' dir='ltr'><strong>C.</strong></span> <span class='ocrx_word' id='word_1_99' title='bbox 1232 2190 1395 2265; x_wconf 87' lang='grc' dir='ltr'>83ι,</span> <span class='ocrx_word' id='word_1_100' title='bbox 1458 2201 1526 2256; x_wconf 83' lang='lat' dir='ltr'><strong>et</strong></span> <span class='ocrx_word' id='word_1_101' title='bbox 1587 2191 1982 2253; x_wconf 85' lang='lat' dir='ltr'><strong>tribunatum</strong></span> <span class='ocrx_word' id='word_1_102' title='bbox 2053 2192 2169 2263; x_wconf 82' lang='lat' dir='ltr'><strong>IX.</strong></span> <span class='ocrx_word' id='word_1_103' title='bbox 2228 2190 2464 2253; x_wconf 88' lang='lat' dir='ltr'><strong>eodem</strong></span> 
     </span>
     <span class='ocr_line' id='line_1_18' title="bbox 973 2276 2462 2376; baseline 0.001 -21"><span class='ocrx_word' id='word_1_104' title='bbox 973 2292 1083 2355; x_wconf 80' lang='lat' dir='ltr'><strong>die</strong></span> <span class='ocrx_word' id='word_1_105' title='bbox 1128 2293 1210 2358; x_wconf 89' lang='lat' dir='ltr'><strong>V.</strong></span> <span class='ocrx_word' id='word_1_106' title='bbox 1259 2292 1330 2353; x_wconf 92' lang='lat' dir='ltr'><strong>C.</strong></span> <span class='ocrx_word' id='word_1_107' title='bbox 1377 2293 1522 2359; x_wconf 73' lang='lat'><strong>832.</strong></span> <span class='ocrx_word' id='word_1_108' title='bbox 1613 2294 1887 2355; x_wconf 78' lang='lat' dir='ltr'><strong>Exstant</strong></span> <span class='ocrx_word' id='word_1_109' title='bbox 1948 2291 2129 2354; x_wconf 88' lang='lat' dir='ltr'><strong>numi</strong></span> <span class='ocrx_word' id='word_1_110' title='bbox 2183 2276 2462 2376; x_wconf 68' lang='lat' dir='ltr'><strong>copiosi,</strong></span> 
     </span>
     <span class='ocr_line' id='line_1_19' title="bbox 972 2392 2466 2477; baseline 0.001 -21"><span class='ocrx_word' id='word_1_111' title='bbox 972 2409 1042 2457; x_wconf 86' lang='lat' dir='ltr'><strong>et</strong></span> <span class='ocrx_word' id='word_1_112' title='bbox 1099 2392 1344 2477; x_wconf 85' lang='lat' dir='ltr'><strong>ubique</strong></span> <span class='ocrx_word' id='word_1_113' title='bbox 1416 2392 1591 2462; x_wconf 78' lang='lat' dir='ltr'><strong>obvii</strong></span> <span class='ocrx_word' id='word_1_114' title='bbox 1647 2393 1714 2454; x_wconf 91' lang='lat' dir='ltr'><strong>in</strong></span> <span class='ocrx_word' id='word_1_115' title='bbox 1769 2414 1973 2471; x_wconf 82' lang='lat' dir='ltr'><strong>auro,</strong></span> <span class='ocrx_word' id='word_1_116' title='bbox 2045 2409 2110 2456; x_wconf 89' lang='lat' dir='ltr'><strong>et</strong></span> <span class='ocrx_word' id='word_1_117' title='bbox 2165 2410 2466 2477; x_wconf 76' lang='lat' dir='ltr'><strong>argento,</strong></span> 
     </span>
     <span class='ocr_line' id='line_1_20' title="bbox 968 2495 2458 2579; baseline 0 -19"><span class='ocrx_word' id='word_1_118' title='bbox 968 2496 1300 2579; x_wconf 67' lang='lat' dir='ltr'><strong>inscripti·</strong></span> <span class='ocrx_word' id='word_1_119' title='bbox 1391 2495 1533 2564; x_wconf 82' lang='grc' dir='ltr'>’1Ρι.</span> <span class='ocrx_word' id='word_1_120' title='bbox 1605 2496 1678 2562; x_wconf 87' lang='grc' dir='ltr'><strong>Ρ.</strong></span> <span class='ocrx_word' id='word_1_121' title='bbox 1755 2498 1956 2569; x_wconf 88' lang='lat' dir='ltr'><strong>V1111.</strong></span> <span class='ocrx_word' id='word_1_122' title='bbox 2030 2498 2204 2569; x_wconf 81' lang='grc' dir='ltr'><strong>ῙΜΡ.</strong></span> <span class='ocrx_word' id='word_1_123' title='bbox 2284 2499 2458 2565; x_wconf 87' lang='lat' dir='ltr'><strong>XIV.</strong></span> 
     </span>
     <span class='ocr_line' id='line_1_21' title="bbox 970 2596 2460 2682; baseline -0.001 -20"><span class='ocrx_word' id='word_1_124' title='bbox 970 2598 1159 2674; x_wconf 82' lang='lat' dir='ltr'><strong>COS.</strong></span> <span class='ocrx_word' id='word_1_125' title='bbox 1188 2600 1332 2666; x_wconf 86' lang='lat' dir='ltr'><strong>V11.</strong></span> <span class='ocrx_word' id='word_1_126' title='bbox 1364 2596 1585 2660; x_wconf 86' lang='lat' dir='ltr'><strong>addito</strong></span> <span class='ocrx_word' id='word_1_127' title='bbox 1631 2599 1697 2659; x_wconf 89' lang='lat' dir='ltr'><strong>in</strong></span> <span class='ocrx_word' id='word_1_128' title='bbox 1729 2599 2064 2682; x_wconf 85' lang='lat' dir='ltr'><strong>plerisque</strong></span> <span class='ocrx_word' id='word_1_129' title='bbox 2099 2600 2172 2659; x_wconf 90' lang='grc' dir='ltr'><strong>Ρ.</strong></span> <span class='ocrx_word' id='word_1_130' title='bbox 2207 2603 2278 2660; x_wconf 91' lang='grc' dir='ltr'><strong>Ρ.</strong></span> <span class='ocrx_word' id='word_1_131' title='bbox 2312 2602 2460 2667; x_wconf 77' lang='lat' dir='ltr'><strong>vel:</strong></span> 
     </span>
     <span class='ocr_line' id='line_1_22' title="bbox 964 2699 2465 2769; baseline 0.003 -10"><span class='ocrx_word' id='word_1_132' title='bbox 964 2703 1109 2762; x_wconf 78' lang='grc' dir='ltr'><strong>ΤΒ.</strong></span> <span class='ocrx_word' id='word_1_133' title='bbox 1154 2702 1227 2763; x_wconf 93' lang='grc' dir='ltr'><strong>Ρ.</strong></span> <span class='ocrx_word' id='word_1_134' title='bbox 1272 2702 1475 2768; x_wconf 88' lang='lat' dir='ltr'><strong>VIIII.</strong></span> <span class='ocrx_word' id='word_1_135' title='bbox 1540 2702 1714 2765; x_wconf 84' lang='lat' dir='ltr'><strong>IMP.</strong></span> <span class='ocrx_word' id='word_1_136' title='bbox 1759 2702 1901 2769; x_wconf 87' lang='lat' dir='ltr'><strong>XV.</strong></span> <span class='ocrx_word' id='word_1_137' title='bbox 1958 2699 2149 2766; x_wconf 90' lang='lat' dir='ltr'><strong>COS.</strong></span> <span class='ocrx_word' id='word_1_138' title='bbox 2196 2705 2336 2769; x_wconf 86' lang='lat' dir='ltr'><strong>VII.</strong></span> <span class='ocrx_word' id='word_1_139' title='bbox 2383 2706 2465 2767; x_wconf 91' lang='lat' dir='ltr'><strong>P.</strong></span> 
     </span>
     <span class='ocr_line' id='line_1_23' title="bbox 967 2801 2463 2883; baseline 0.003 -21"><span class='ocrx_word' id='word_1_140' title='bbox 967 2803 1206 2864; x_wconf 80' lang='lat' dir='ltr'><strong>P.1n</strong></span> <span class='ocrx_word' id='word_1_141' title='bbox 1251 2801 1373 2864; x_wconf 81' lang='lat' dir='ltr'><strong>bac</strong></span> <span class='ocrx_word' id='word_1_142' title='bbox 1430 2819 1593 2883; x_wconf 82' lang='lat' dir='ltr'><strong>ergo</strong></span> <span class='ocrx_word' id='word_1_143' title='bbox 1654 2801 1947 2865; x_wconf 81' lang='lat' dir='ltr'><strong>doctrina</strong></span> <span class='ocrx_word' id='word_1_144' title='bbox 2004 2824 2276 2865; x_wconf 85' lang='lat' dir='ltr'><strong>necesse</strong></span> <span class='ocrx_word' id='word_1_145' title='bbox 2335 2805 2463 2866; x_wconf 84' lang='lat' dir='ltr'><strong>erit</strong></span> 
     </span>
     <span class='ocr_line' id='line_1_24' title="bbox 963 2902 2463 2987; baseline 0.005 -26.024"><span class='ocrx_word' id='word_1_146' title='bbox 963 2915 1297 2975; x_wconf 66' lang='lat' dir='ltr'><strong>statuere,</strong></span> <span class='ocrx_word' id='word_1_147' title='bbox 1358 2902 1484 2964; x_wconf 80' lang='lat' dir='ltr'><strong>bos</strong></span> <span class='ocrx_word' id='word_1_148' title='bbox 1558 2923 1786 2971; x_wconf 88' lang='lat' dir='ltr'><strong>omnes</strong></span> <span class='ocrx_word' id='word_1_149' title='bbox 1854 2906 2140 2987; x_wconf 80' lang='lat' dir='ltr'><strong>signatos</strong></span> <span class='ocrx_word' id='word_1_150' title='bbox 2208 2910 2288 2969; x_wconf 94' lang='lat' dir='ltr'><strong>X.</strong></span> <span class='ocrx_word' id='word_1_151' title='bbox 2332 2907 2463 2968; x_wconf 90' lang='lat' dir='ltr'><strong>De-</strong></span> 
     </span>
     <span class='ocr_line' id='line_1_25' title="bbox 964 3003 2461 3095; baseline 0.003 -29"><span class='ocrx_word' id='word_1_152' title='bbox 964 3003 1371 3073; x_wconf 85' lang='lat' dir='ltr'><strong>cembrisV.</strong></span> <span class='ocrx_word' id='word_1_153' title='bbox 1411 3008 1484 3068; x_wconf 87' lang='lat' dir='ltr'><strong>C.</strong></span> <span class='ocrx_word' id='word_1_154' title='bbox 1524 3004 1653 3071; x_wconf 77' lang='lat'><strong>,832</strong></span> <span class='ocrx_word' id='word_1_155' title='bbox 1725 3025 1931 3091; x_wconf 83' lang='lat' dir='ltr'><strong>usque</strong></span> <span class='ocrx_word' id='word_1_156' title='bbox 1993 3006 2072 3068; x_wconf 83' lang='lat' dir='ltr'><strong>ad</strong></span> <span class='ocrx_word' id='word_1_157' title='bbox 2130 3007 2461 3095; x_wconf 85' lang='lat' dir='ltr'><strong>proximas</strong></span> 
     </span>
     <span class='ocr_line' id='line_1_26' title="bbox 876 3105 2460 3197; baseline 0.003 -27"><span class='ocrx_word' id='word_1_158' title='bbox 876 3105 886 3112; x_wconf 70' lang='grc'>’</span> <span class='ocrx_word' id='word_1_159' title='bbox 969 3106 1123 3170; x_wconf 75' lang='lat' dir='ltr'><strong>Kal.</strong></span> <span class='ocrx_word' id='word_1_160' title='bbox 1156 3109 1351 3171; x_wconf 82' lang='lat' dir='ltr'><strong>Ian.</strong></span> <span class='ocrx_word' id='word_1_161' title='bbox 1378 3107 1528 3168; x_wconf 89' lang='lat' dir='ltr'><strong>Non</strong></span> <span class='ocrx_word' id='word_1_162' title='bbox 1577 3106 1799 3193; x_wconf 85' lang='lat' dir='ltr'><strong>prius,</strong></span> <span class='ocrx_word' id='word_1_163' title='bbox 1844 3130 1990 3172; x_wconf 84' lang='lat' dir='ltr'><strong>nam</strong></span> <span class='ocrx_word' id='word_1_164' title='bbox 2046 3124 2178 3171; x_wconf 86' lang='lat' dir='ltr'><strong>tum</strong></span> <span class='ocrx_word' id='word_1_165' title='bbox 2227 3110 2293 3169; x_wconf 89' lang='lat' dir='ltr'><strong>in</strong></span> <span class='ocrx_word' id='word_1_166' title='bbox 2336 3112 2460 3197; x_wconf 82' lang='lat' dir='ltr'><strong>hac</strong></span> 
     </span>
     <span class='ocr_line' id='line_1_27' title="bbox 968 3207 2459 3286; baseline 0.002 -15"><span class='ocrx_word' id='word_1_167' title='bbox 968 3209 1295 3273; x_wconf 86' lang='lat' dir='ltr'><strong>sententia</strong></span> <span class='ocrx_word' id='word_1_168' title='bbox 1349 3207 1540 3280; x_wconf 80' lang='lat' dir='ltr'><strong>fluxit</strong></span> <span class='ocrx_word' id='word_1_169' title='bbox 1618 3207 1978 3276; x_wconf 78' lang='lat' dir='ltr'><strong>tribunatus</strong></span> <span class='ocrx_word' id='word_1_170' title='bbox 2039 3214 2245 3286; x_wconf 67' lang='lat' dir='ltr'><strong>vlu,</strong></span> <span class='ocrx_word' id='word_1_171' title='bbox 2326 3235 2459 3276; x_wconf 90' lang='lat' dir='ltr'><strong>non</strong></span> 
     </span>
     <span class='ocr_line' id='line_1_28' title="bbox 974 3311 2461 3389; baseline 0.005 -17"><span class='ocrx_word' id='word_1_172' title='bbox 974 3311 1214 3387; x_wconf 76' lang='lat' dir='ltr'><strong>serius,</strong></span> <span class='ocrx_word' id='word_1_173' title='bbox 1274 3332 1420 3373; x_wconf 87' lang='lat' dir='ltr'><strong>nam</strong></span> <span class='ocrx_word' id='word_1_174' title='bbox 1471 3324 1600 3374; x_wconf 89' lang='lat' dir='ltr'><strong>tum</strong></span> <span class='ocrx_word' id='word_1_175' title='bbox 1650 3313 1838 3373; x_wconf 85' lang='lat' dir='ltr'><strong>Titus</strong></span> <span class='ocrx_word' id='word_1_176' title='bbox 1892 3311 2015 3374; x_wconf 85' lang='lat' dir='ltr'><strong>fuit</strong></span> <span class='ocrx_word' id='word_1_177' title='bbox 2053 3314 2241 3378; x_wconf 85' lang='lat' dir='ltr'><strong>COS.</strong></span> <span class='ocrx_word' id='word_1_178' title='bbox 2287 3319 2461 3389; x_wconf 87' lang='lat' dir='ltr'><strong>VIII.</strong></span> 
     </span>
    </p>
   </div>
   <div class='ocr_carea' id='block_1_11' title="bbox 868 3404 2466 3503">
    <p class='ocr_par' dir='ltr' id='par_1_11' title="bbox 868 3404 2466 3503">
     <span class='ocr_line' id='line_1_29' title="bbox 868 3404 2466 3503; baseline 0.003 -28"><span class='ocrx_word' id='word_1_179' title='bbox 868 3426 872 3430; x_wconf 74' lang='grc'><strong>”</strong></span> <span class='ocrx_word' id='word_1_180' title='bbox 962 3413 1071 3475; x_wconf 83' lang='lat' dir='ltr'><strong>Ex</strong></span> <span class='ocrx_word' id='word_1_181' title='bbox 1115 3431 1247 3497; x_wconf 91' lang='lat' dir='ltr'><strong>quo</strong></span> <span class='ocrx_word' id='word_1_182' title='bbox 1292 3412 1520 3475; x_wconf 85' lang='lat' dir='ltr'><strong>hercle</strong></span> <span class='ocrx_word' id='word_1_183' title='bbox 1567 3404 1696 3476; x_wconf 83' lang='lat' dir='ltr'><strong>duo</strong></span> <span class='ocrx_word' id='word_1_184' title='bbox 1758 3420 2118 3503; x_wconf 82' lang='lat' dir='ltr'><strong>sequuntur</strong></span> <span class='ocrx_word' id='word_1_185' title='bbox 2160 3415 2466 3495; x_wconf 65' lang='lat' dir='ltr'><strong>absurda,</strong></span> 
     </span>
    </p>
   </div>
   <div class='ocr_carea' id='block_1_12' title="bbox 964 3513 2458 3709">
    <p class='ocr_par' dir='ltr' id='par_1_12' title="bbox 964 3513 2458 3704">
     <span class='ocr_line' id='line_1_30' title="bbox 964 3513 2458 3600; baseline 0.003 -25"><span class='ocrx_word' id='word_1_186' title='bbox 964 3516 1288 3600; x_wconf 83' lang='lat' dir='ltr'><strong>primum,</strong></span> <span class='ocrx_word' id='word_1_187' title='bbox 1349 3536 1384 3578; x_wconf 86' lang='lat' dir='ltr'><strong>a</strong></span> <span class='ocrx_word' id='word_1_188' title='bbox 1433 3513 1540 3576; x_wconf 83' lang='lat' dir='ltr'><strong>die</strong></span> <span class='ocrx_word' id='word_1_189' title='bbox 1582 3515 1819 3578; x_wconf 83' lang='lat' dir='ltr'><strong>XXIII.</strong></span> <span class='ocrx_word' id='word_1_190' title='bbox 1864 3514 2143 3585; x_wconf 90' lang='lat' dir='ltr'><strong>IuniiV.</strong></span> <span class='ocrx_word' id='word_1_191' title='bbox 2191 3519 2262 3580; x_wconf 91' lang='lat' dir='ltr'><strong>C.</strong></span> <span class='ocrx_word' id='word_1_192' title='bbox 2310 3521 2458 3598; x_wconf 76' lang='lat'><strong>832,</strong></span> 
     </span>
     <span class='ocr_line' id='line_1_31' title="bbox 965 3610 2455 3709; baseline 0.004 -33"><span class='ocrx_word' id='word_1_193' title='bbox 965 3636 1096 3699; x_wconf 89' lang='lat' dir='ltr'><strong>quo</strong></span> <span class='ocrx_word' id='word_1_194' title='bbox 1142 3617 1330 3677; x_wconf 76' lang='lat' dir='ltr'><strong>Titus</strong></span> <span class='ocrx_word' id='word_1_195' title='bbox 1385 3618 1714 3699; x_wconf 83' lang='lat' dir='ltr'><strong>Augustus</strong></span> <span class='ocrx_word' id='word_1_196' title='bbox 1778 3610 2011 3686; x_wconf 83' lang='lat' dir='ltr'><strong>dictus</strong></span> <span class='ocrx_word' id='word_1_197' title='bbox 2052 3632 2186 3696; x_wconf 87' lang='lat' dir='ltr'><strong>est,</strong></span> <span class='ocrx_word' id='word_1_198' title='bbox 2247 3641 2455 3709; x_wconf 84' lang='lat' dir='ltr'><strong>usque</strong></span> 
     </span>
    </p>
   </div>
   <div class='ocr_carea' id='block_1_13' title="bbox 964 3702 2524 3819">
    <p class='ocr_par' dir='ltr' id='par_1_13' title="bbox 964 3702 2524 3819">
     <span class='ocr_line' id='line_1_32' title="bbox 964 3702 2524 3819; baseline 0.003 -40"><span class='ocrx_word' id='word_1_199' title='bbox 964 3716 1046 3779; x_wconf 75' lang='lat' dir='ltr'><strong>ed</strong></span> <span class='ocrx_word' id='word_1_200' title='bbox 1090 3720 1170 3780; x_wconf 76' lang='lat' dir='ltr'><strong>X&#39;.</strong></span> <span class='ocrx_word' id='word_1_201' title='bbox 1215 3702 1608 3819; x_wconf 82' lang='lat' dir='ltr'><strong>Decembris</strong></span> <span class='ocrx_word' id='word_1_202' title='bbox 1652 3717 1967 3799; x_wconf 65' lang='lat' dir='ltr'><strong>ejusdem</strong></span> <span class='ocrx_word' id='word_1_203' title='bbox 2009 3722 2159 3782; x_wconf 81' lang='lat' dir='ltr'><strong>anni</strong></span> <span class='ocrx_word' id='word_1_204' title='bbox 2203 3721 2454 3783; x_wconf 78' lang='lat' dir='ltr'><strong>nullum</strong></span> <span class='ocrx_word' id='word_1_205' title='bbox 2519 3792 2524 3796; x_wconf 66' lang='lat'><em>,</em></span> 
     </span>
    </p>
   </div>
   <div class='ocr_carea' id='block_1_14' title="bbox 948 3817 2462 4634">
    <p class='ocr_par' dir='ltr' id='par_1_14' title="bbox 948 3817 2462 4619">
     <span class='ocr_line' id='line_1_33' title="bbox 952 3817 2456 3901; baseline 0.003 -19"><span class='ocrx_word' id='word_1_206' title='bbox 952 3817 1106 3901; x_wconf 82' lang='lat' dir='ltr'><strong>&#39;ejus</strong></span> <span class='ocrx_word' id='word_1_207' title='bbox 1152 3839 1376 3880; x_wconf 77' lang='lat' dir='ltr'><strong>cusum</strong></span> <span class='ocrx_word' id='word_1_208' title='bbox 1423 3841 1730 3900; x_wconf 81' lang='lat' dir='ltr'><strong>numum3</strong></span> <span class='ocrx_word' id='word_1_209' title='bbox 1789 3842 1940 3887; x_wconf 78' lang='lat' dir='ltr'><strong>nam</strong></span> <span class='ocrx_word' id='word_1_210' title='bbox 1983 3822 2201 3889; x_wconf 85' lang='lat' dir='ltr'><strong>nullus</strong></span> <span class='ocrx_word' id='word_1_211' title='bbox 2247 3838 2456 3887; x_wconf 81' lang='lat' dir='ltr'><strong>exstat</strong></span> 
     </span>
     <span class='ocr_line' id='line_1_34' title="bbox 948 3912 2453 4002; baseline 0.004 -23"><span class='ocrx_word' id='word_1_212' title='bbox 948 3920 1100 3979; x_wconf 68' lang='lat' dir='ltr'><strong>‘Titi</strong></span> <span class='ocrx_word' id='word_1_213' title='bbox 1143 3912 1529 3988; x_wconf 84' lang='lat' dir='ltr'><strong>AVGVS&#39;II</strong></span> <span class='ocrx_word' id='word_1_214' title='bbox 1574 3921 1927 4002; x_wconf 72' lang='lat' dir='ltr'><strong>inscriptus</strong></span> <span class='ocrx_word' id='word_1_215' title='bbox 1973 3925 2111 3993; x_wconf 84' lang='lat' dir='ltr'><strong>TR.</strong></span> <span class='ocrx_word' id='word_1_216' title='bbox 2156 3923 2232 3984; x_wconf 91' lang='grc' dir='ltr'><strong>Ρ.</strong></span> <span class='ocrx_word' id='word_1_217' title='bbox 2283 3927 2453 3991; x_wconf 86' lang='lat' dir='ltr'><strong>VIII.</strong></span> 
     </span>
     <span class='ocr_line' id='line_1_35' title="bbox 966 4019 2457 4108; baseline 0.004 -27"><span class='ocrx_word' id='word_1_218' title='bbox 966 4019 1157 4084; x_wconf 85' lang='lat' dir='ltr'><strong>COS.</strong></span> <span class='ocrx_word' id='word_1_219' title='bbox 1234 4023 1414 4094; x_wconf 86' lang='lat' dir='ltr'><strong>VII.;</strong></span> <span class='ocrx_word' id='word_1_220' title='bbox 1502 4021 1821 4097; x_wconf 86' lang='lat' dir='ltr'><strong>alterum,</strong></span> <span class='ocrx_word' id='word_1_221' title='bbox 1857 4023 2072 4086; x_wconf 88' lang='lat' dir='ltr'><strong>·intra</strong></span> <span class='ocrx_word' id='word_1_222' title='bbox 2150 4025 2457 4108; x_wconf 86' lang='lat' dir='ltr'><strong>exiguum</strong></span> 
     </span>
     <span class='ocr_line' id='line_1_36' title="bbox 961 4120 2462 4214; baseline 0.003 -30"><span class='ocrx_word' id='word_1_223' title='bbox 961 4125 1143 4205; x_wconf 75' lang='lat' dir='ltr'><strong>XXI.</strong></span> <span class='ocrx_word' id='word_1_224' title='bbox 1189 4120 1443 4184; x_wconf 88' lang='lat' dir='ltr'><strong>dierum</strong></span> <span class='ocrx_word' id='word_1_225' title='bbox 1494 4122 1770 4205; x_wconf 81' lang='lat' dir='ltr'><strong>spatium</strong></span> <span class='ocrx_word' id='word_1_226' title='bbox 1816 4137 2062 4201; x_wconf 87' lang='lat' dir='ltr'><strong>totum,</strong></span> <span class='ocrx_word' id='word_1_227' title='bbox 2127 4141 2320 4214; x_wconf 85' lang='lat' dir='ltr'><strong>atque</strong></span> <span class='ocrx_word' id='word_1_228' title='bbox 2366 4128 2462 4189; x_wconf 89' lang='lat' dir='ltr'><strong>in-</strong></span> 
     </span>
     <span class='ocr_line' id='line_1_37' title="bbox 965 4225 2456 4320; baseline 0.003 -34"><span class='ocrx_word' id='word_1_229' title='bbox 965 4225 1352 4291; x_wconf 79' lang='lat' dir='ltr'><strong>credibilem</strong></span> <span class='ocrx_word' id='word_1_230' title='bbox 1417 4244 1648 4288; x_wconf 88' lang='lat' dir='ltr'><strong>eorum</strong></span> <span class='ocrx_word' id='word_1_231' title='bbox 1708 4244 2086 4305; x_wconf 77' lang='lat' dir='ltr'><strong>numerum,</strong></span> <span class='ocrx_word' id='word_1_232' title='bbox 2146 4229 2257 4320; x_wconf 82' lang='lat' dir='ltr'><strong>qui</strong></span> <span class='ocrx_word' id='word_1_233' title='bbox 2312 4230 2456 4297; x_wconf 79' lang='grc' dir='ltr'><strong>ΤΒ.</strong></span> 
     </span>
     <span class='ocr_line' id='line_1_38' title="bbox 961 4326 2457 4452; baseline 0.001 -63"><span class='ocrx_word' id='word_1_234' title='bbox 961 4331 1034 4393; x_wconf 89' lang='lat' dir='ltr'><strong>P.</strong></span> <span class='ocrx_word' id='word_1_235' title='bbox 1072 4329 1276 4406; x_wconf 83' lang='lat' dir='ltr'><strong>VIIII.</strong></span> <span class='ocrx_word' id='word_1_236' title='bbox 1318 4326 1507 4392; x_wconf 86' lang='lat' dir='ltr'><strong>COS.</strong></span> <span class='ocrx_word' id='word_1_237' title='bbox 1544 4329 1686 4395; x_wconf 90' lang='lat' dir='ltr'><strong>VII.</strong></span> <span class='ocrx_word' id='word_1_238' title='bbox 1720 4330 2203 4408; x_wconf 82' lang='lat' dir='ltr'><strong>inscribuntur,</strong></span> <span class='ocrx_word' id='word_1_239' title='bbox 2233 4331 2457 4452; x_wconf 80' lang='lat' dir='ltr'><strong>signa-</strong></span> 
     </span>
     <span class='ocr_line' id='line_1_39' title="bbox 963 4426 2456 4518; baseline 0.005 -26"><span class='ocrx_word' id='word_1_240' title='bbox 963 4445 1101 4493; x_wconf 78' lang='lat' dir='ltr'><strong>tum</strong></span> <span class='ocrx_word' id='word_1_241' title='bbox 1154 4450 1330 4505; x_wconf 82' lang='lat' dir='ltr'><strong>esse,</strong></span> <span class='ocrx_word' id='word_1_242' title='bbox 1392 4454 1467 4495; x_wconf 79' lang='lat' dir='ltr'><strong>ac</strong></span> <span class='ocrx_word' id='word_1_243' title='bbox 1532 4444 1873 4513; x_wconf 71' lang='lat' dir='ltr'><strong>praeterea</strong></span> <span class='ocrx_word' id='word_1_244' title='bbox 1928 4433 2098 4498; x_wconf 83' lang='lat' dir='ltr'><strong>intra</strong></span> <span class='ocrx_word' id='word_1_245' title='bbox 2144 4426 2456 4518; x_wconf 75' lang='lat' dir='ltr'><strong>exiguum</strong></span> 
     </span>
     <span class='ocr_line' id='line_1_40' title="bbox 961 4533 2456 4634; baseline 0.005 -38"><span class='ocrx_word' id='word_1_246' title='bbox 961 4533 1129 4596; x_wconf 84' lang='lat' dir='ltr'><strong>illud</strong></span> <span class='ocrx_word' id='word_1_247' title='bbox 1181 4546 1439 4631; x_wconf 73' lang='lat' dir='ltr'><strong>tempus</strong></span> <span class='ocrx_word' id='word_1_248' title='bbox 1484 4534 1584 4596; x_wconf 88' lang='lat' dir='ltr'><strong>illi</strong></span> <span class='ocrx_word' id='word_1_249' title='bbox 1619 4535 1838 4634; x_wconf 73' lang='lat' dir='ltr'><strong>Patris</strong></span> <span class='ocrx_word' id='word_1_250' title='bbox 1881 4538 2179 4619; x_wconf 79' lang='lat' dir='ltr'><strong>Patriae,</strong></span> <span class='ocrx_word' id='word_1_251' title='bbox 2227 4553 2291 4602; x_wconf 85' lang='lat' dir='ltr'><strong>et</strong></span> <span class='ocrx_word' id='word_1_252' title='bbox 2328 4542 2456 4603; x_wconf 79' lang='lat' dir='ltr'><strong>m-</strong></span> 
     </span>
    </p>
   </div>
   <div class='ocr_carea' id='block_1_15' title="bbox 1034 4698 1787 4817">
    <p class='ocr_par' dir='ltr' id='par_1_15' title="bbox 1034 4698 1787 4817">
     <span class='ocr_line' id='line_1_41' title="bbox 1034 4698 1787 4817; baseline 0.009 -23"><span class='ocrx_word' id='word_1_253' title='bbox 1034 4698 1092 4811; x_wconf 62' lang='lat' dir='ltr'><strong>a)</strong></span> <span class='ocrx_word' id='word_1_254' title='bbox 1134 4737 1355 4795; x_wconf 81' lang='lat' dir='ltr'><strong>Gruter</strong></span> <span class='ocrx_word' id='word_1_255' title='bbox 1392 4759 1525 4817; x_wconf 83' lang='lat' dir='ltr'><strong>pag.</strong></span> <span class='ocrx_word' id='word_1_256' title='bbox 1570 4744 1692 4805; x_wconf 76' lang='lat'><strong>176.</strong></span> <span class='ocrx_word' id='word_1_257' title='bbox 1736 4756 1787 4802; x_wconf 76' lang='grc' dir='ltr'><strong>ι.</strong></span> 
     </span>
    </p>
   </div>
   <div class='ocr_carea' id='block_1_16' title="bbox 2557 4227 3514 4310">
    <p class='ocr_par' dir='ltr' id='par_1_16' title="bbox 2557 4227 3514 4310">
     <span class='ocr_line' id='line_1_42' title="bbox 2557 4227 3514 4310; baseline 0.003 -21"><span class='ocrx_word' id='word_1_258' title='bbox 2557 4230 2832 4303; x_wconf 66' lang='lat' dir='ltr'><strong>ruent,</strong></span> <span class='ocrx_word' id='word_1_259' title='bbox 2920 4241 3107 4292; x_wconf 80' lang='lat' dir='ltr'><strong>caute</strong></span> <span class='ocrx_word' id='word_1_260' title='bbox 3195 4227 3514 4310; x_wconf 81' lang='lat' dir='ltr'><strong>conjecit,</strong></span> 
     </span>
    </p>
   </div>
   <div class='ocr_carea' id='block_1_17' title="bbox 2261 470 2825 554">
    <p class='ocr_par' dir='ltr' id='par_1_17' title="bbox 2261 470 2825 554">
     <span class='ocr_line' id='line_1_43' title="bbox 2261 470 2825 554; baseline -0.009 -3"><span class='ocrx_word' id='word_1_261' title='bbox 2261 470 2647 554; x_wconf 77' lang='lat' dir='ltr'><strong>CAPVT</strong></span> <span class='ocrx_word' id='word_1_262' title='bbox 2729 472 2825 547; x_wconf 87' lang='lat' dir='ltr'><strong>X.</strong></span> 
     </span>
    </p>
   </div>
   <div class='ocr_carea' id='block_1_18' title="bbox 2576 633 4088 2778">
    <p class='ocr_par' dir='ltr' id='par_1_18' title="bbox 2576 633 4088 2778">
     <span class='ocr_line' id='line_1_44' title="bbox 2584 633 4076 746; baseline 0.004 -29"><span class='ocrx_word' id='word_1_263' title='bbox 2584 657 2916 722; x_wconf 69' lang='lat' dir='ltr'><strong>Peratoris</strong></span> <span class='ocrx_word' id='word_1_264' title='bbox 2950 655 3091 725; x_wconf 84' lang='lat' dir='ltr'><strong>XV.</strong></span> <span class='ocrx_word' id='word_1_265' title='bbox 3121 650 3349 719; x_wconf 84' lang='lat' dir='ltr'><strong>titulos</strong></span> <span class='ocrx_word' id='word_1_266' title='bbox 3373 633 3758 717; x_wconf 64' lang='lat' dir='ltr'><strong>¹aceessisse.</strong></span> <span class='ocrx_word' id='word_1_267' title='bbox 3800 655 3906 720; x_wconf 84' lang='lat' dir='ltr'><strong>Ex</strong></span> <span class='ocrx_word' id='word_1_268' title='bbox 3937 659 4076 746; x_wconf 63' lang='lat' dir='ltr'><strong>qut÷</strong></span> 
     </span>
     <span class='ocr_line' id='line_1_45' title="bbox 2585 756 4088 844; baseline 0.003 -26"><span class='ocrx_word' id='word_1_269' title='bbox 2585 756 2706 818; x_wconf 86' lang='lat' dir='ltr'><strong>bus</strong></span> <span class='ocrx_word' id='word_1_270' title='bbox 2750 758 2964 822; x_wconf 84' lang='lat' dir='ltr'><strong>numis</strong></span> <span class='ocrx_word' id='word_1_271' title='bbox 3007 771 3236 844; x_wconf 78' lang='lat' dir='ltr'><strong>aperte</strong></span> <span class='ocrx_word' id='word_1_272' title='bbox 3270 779 3531 843; x_wconf 87' lang='lat' dir='ltr'><strong>quoque</strong></span> <span class='ocrx_word' id='word_1_273' title='bbox 3585 758 3928 836; x_wconf 82' lang='lat' dir='ltr'><strong>discimus,</strong></span> <span class='ocrx_word' id='word_1_274' title='bbox 3971 756 4088 826; x_wconf 57' lang='grc' dir='ltr'><strong>ΤΕ,</strong></span> 
     </span>
     <span class='ocr_line' id='line_1_46' title="bbox 2586 858 4073 945; baseline 0.003 -24"><span class='ocrx_word' id='word_1_275' title='bbox 2586 873 2720 921; x_wconf 86' lang='lat' dir='ltr'><strong>tum</strong></span> <span class='ocrx_word' id='word_1_276' title='bbox 2767 858 3002 922; x_wconf 89' lang='lat' dir='ltr'><strong>eodem</strong></span> <span class='ocrx_word' id='word_1_277' title='bbox 3047 861 3192 924; x_wconf 85' lang='lat' dir='ltr'><strong>fere</strong></span> <span class='ocrx_word' id='word_1_278' title='bbox 3237 875 3573 942; x_wconf 60' lang='lat' dir='ltr'><strong>tempore,</strong></span> <span class='ocrx_word' id='word_1_279' title='bbox 3639 881 3768 943; x_wconf 90' lang='lat' dir='ltr'><strong>quo</strong></span> <span class='ocrx_word' id='word_1_280' title='bbox 3800 865 4073 945; x_wconf 81' lang='lat' dir='ltr'><strong>Augusti</strong></span> 
     </span>
     <span class='ocr_line' id='line_1_47' title="bbox 2583 960 4071 1048; baseline 0.003 -25"><span class='ocrx_word' id='word_1_281' title='bbox 2583 960 2843 1024; x_wconf 88' lang='lat' dir='ltr'><strong>titulum</strong></span> <span class='ocrx_word' id='word_1_282' title='bbox 2899 963 3227 1047; x_wconf 65' lang='lat' dir='ltr'><strong>suscepit,</strong></span> <span class='ocrx_word' id='word_1_283' title='bbox 3294 962 3710 1024; x_wconf 77' lang='lat' dir='ltr'><strong>t&#39;ribunatum&#39;</strong></span> <span class='ocrx_word' id='word_1_284' title='bbox 3764 965 4071 1048; x_wconf 77' lang='lat' dir='ltr'><strong>iterasse3</strong></span> 
     </span>
     <span class='ocr_line' id='line_1_48' title="bbox 2583 1062 4077 1141; baseline 0.003 -17"><span class='ocrx_word' id='word_1_285' title='bbox 2583 1085 2732 1127; x_wconf 90' lang='lat' dir='ltr'><strong>nam</strong></span> <span class='ocrx_word' id='word_1_286' title='bbox 2775 1065 2831 1125; x_wconf 91' lang='lat' dir='ltr'><strong>si</strong></span> <span class='ocrx_word' id='word_1_287' title='bbox 2878 1062 3028 1126; x_wconf 87' lang='lat' dir='ltr'><strong>eum</strong></span> <span class='ocrx_word' id='word_1_288' title='bbox 3070 1064 3275 1127; x_wconf 78' lang='lat' dir='ltr'><strong>multo</strong></span> <span class='ocrx_word' id='word_1_289' title='bbox 3314 1079 3462 1128; x_wconf 85' lang='lat' dir='ltr'><strong>anto</strong></span> <span class='ocrx_word' id='word_1_290' title='bbox 3501 1080 3921 1141; x_wconf 75' lang='lat' dir='ltr'><strong>renovasset,</strong></span> <span class='ocrx_word' id='word_1_291' title='bbox 3967 1079 4077 1131; x_wconf 79' lang='lat' dir='ltr'><strong>e&#39;x-</strong></span> 
     </span>
     <span class='ocr_line' id='line_1_49' title="bbox 2585 1168 4076 1249; baseline 0.003 -20"><span class='ocrx_word' id='word_1_292' title='bbox 2585 1178 2831 1230; x_wconf 82' lang='lat' dir='ltr'><strong>starent</strong></span> <span class='ocrx_word' id='word_1_293' title='bbox 2866 1168 3089 1249; x_wconf 89' lang='lat' dir='ltr'><strong>utique</strong></span> <span class='ocrx_word' id='word_1_294' title='bbox 3131 1168 3272 1247; x_wconf 78' lang='lat' dir='ltr'><strong>ejus</strong></span> <span class='ocrx_word' id='word_1_295' title='bbox 3308 1172 3603 1236; x_wconf 75' lang='lat' dir='ltr'><strong>Caesaris</strong></span> <span class='ocrx_word' id='word_1_296' title='bbox 3632 1169 3811 1230; x_wconf 88' lang='lat' dir='ltr'><strong>numi</strong></span> <span class='ocrx_word' id='word_1_297' title='bbox 3848 1170 4076 1234; x_wconf 86' lang='lat' dir='ltr'><strong>inseri·</strong></span> 
     </span>
     <span class='ocr_line' id='line_1_50' title="bbox 2583 1266 4075 1351; baseline 0.005 -23"><span class='ocrx_word' id='word_1_298' title='bbox 2583 1270 2679 1351; x_wconf 86' lang='lat' dir='ltr'><strong>pti</strong></span> <span class='ocrx_word' id='word_1_299' title='bbox 2709 1272 2847 1341; x_wconf 63' lang='lat' dir='ltr'><strong>TE..</strong></span> <span class='ocrx_word' id='word_1_300' title='bbox 2877 1266 3333 1345; x_wconf 81' lang='lat' dir='ltr'><strong>POT.V1111.,</strong></span> <span class='ocrx_word' id='word_1_301' title='bbox 3380 1267 3434 1329; x_wconf 88' lang='lat' dir='ltr'><strong>si</strong></span> <span class='ocrx_word' id='word_1_302' title='bbox 3465 1271 3670 1331; x_wconf 89' lang='lat' dir='ltr'><strong>multo</strong></span> <span class='ocrx_word' id='word_1_303' title='bbox 3687 1273 3923 1349; x_wconf 80' lang='lat' dir='ltr'><strong>serius,</strong></span> <span class='ocrx_word' id='word_1_304' title='bbox 3968 1273 4075 1336; x_wconf 71' lang='lat' dir='ltr'><strong>bar</strong></span> 
     </span>
     <span class='ocr_line' id='line_1_51' title="bbox 2582 1357 4076 1465; baseline 0.006 -35"><span class='ocrx_word' id='word_1_305' title='bbox 2582 1357 2888 1430; x_wconf 75' lang='lat' dir='ltr'><strong>ber-emus</strong></span> <span class='ocrx_word' id='word_1_306' title='bbox 2914 1370 3053 1451; x_wconf 83' lang='lat' dir='ltr'><strong>ejus</strong></span> <span class='ocrx_word' id='word_1_307' title='bbox 3072 1375 3356 1452; x_wconf 71' lang='lat' dir='ltr'><strong>Auynsta&#39;</strong></span> <span class='ocrx_word' id='word_1_308' title='bbox 3373 1392 3605 1433; x_wconf 86' lang='lat' dir='ltr'><strong>numos</strong></span> <span class='ocrx_word' id='word_1_309' title='bbox 3639 1391 3785 1436; x_wconf 87' lang='lat' dir='ltr'><strong>eum</strong></span> <span class='ocrx_word' id='word_1_310' title='bbox 3821 1376 4076 1465; x_wconf 78' lang='lat' dir='ltr'><strong>epigra-</strong></span> 
     </span>
     <span class='ocr_line' id='line_1_52' title="bbox 2583 1467 4072 1566; baseline 0.005 -35"><span class='ocrx_word' id='word_1_311' title='bbox 2583 1473 2714 1556; x_wconf 83' lang='lat' dir='ltr'><strong>phe</strong></span> <span class='ocrx_word' id='word_1_312' title='bbox 2772 1476 2913 1535; x_wconf 84' lang='lat' dir='ltr'><strong>TR.</strong></span> <span class='ocrx_word' id='word_1_313' title='bbox 2954 1472 3158 1536; x_wconf 82' lang='lat' dir='ltr'><strong>POT.</strong></span> <span class='ocrx_word' id='word_1_314' title='bbox 3200 1475 3372 1541; x_wconf 84' lang='lat' dir='ltr'><strong>Vlll.</strong></span> <span class='ocrx_word' id='word_1_315' title='bbox 3435 1471 3886 1566; x_wconf 18' lang='lat' dir='ltr'><strong>*Quapropter</strong></span> <span class='ocrx_word' id='word_1_316' title='bbox 3927 1467 4072 1563; x_wconf 71' lang='lat' dir='ltr'><strong>plus</strong></span> 
     </span>
     <span class='ocr_line' id='line_1_53' title="bbox 2584 1575 4070 1672; baseline 0.005 -38"><span class='ocrx_word' id='word_1_317' title='bbox 2584 1595 2773 1668; x_wconf 80' lang='lat' dir='ltr'><strong>quam</strong></span> <span class='ocrx_word' id='word_1_318' title='bbox 2816 1575 3205 1649; x_wconf 81' lang='lat' dir='ltr'><strong>verisimile,</strong></span> <span class='ocrx_word' id='word_1_319' title='bbox 3251 1576 3742 1672; x_wconf 80' lang='lat' dir='ltr'><strong>Vespasianum</strong></span> <span class='ocrx_word' id='word_1_320' title='bbox 3762 1577 3913 1644; x_wconf 85' lang='lat' dir='ltr'><strong>Kal.</strong></span> <span class='ocrx_word' id='word_1_321' title='bbox 3953 1579 4070 1645; x_wconf 90' lang='lat' dir='ltr'><strong>lul.</strong></span> 
     </span>
     <span class='ocr_line' id='line_1_54' title="bbox 2583 1675 4072 1762; baseline 0.001 -20"><span class='ocrx_word' id='word_1_322' title='bbox 2583 1676 2671 1748; x_wconf 58' lang='lat' dir='ltr'><strong>JV.</strong></span> <span class='ocrx_word' id='word_1_323' title='bbox 2705 1677 2775 1738; x_wconf 93' lang='lat' dir='ltr'><strong>C.</strong></span> <span class='ocrx_word' id='word_1_324' title='bbox 2814 1679 2946 1752; x_wconf 76' lang='lat'><strong>824</strong></span> <span class='ocrx_word' id='word_1_325' title='bbox 2987 1675 3124 1738; x_wconf 88' lang='lat' dir='ltr'><strong>filio</strong></span> <span class='ocrx_word' id='word_1_326' title='bbox 3164 1678 3317 1743; x_wconf 87' lang='lat' dir='ltr'><strong>Tito</strong></span> <span class='ocrx_word' id='word_1_327' title='bbox 3369 1677 3763 1740; x_wconf 80' lang='lat' dir='ltr'><strong>tribunitiam</strong></span> <span class='ocrx_word' id='word_1_328' title='bbox 3797 1695 4072 1762; x_wconf 71' lang='lat' dir='ltr'><strong>potesta</strong></span> 
     </span>
     <span class='ocr_line' id='line_1_55' title="bbox 2580 1775 4068 1872; baseline 0.004 -31"><span class='ocrx_word' id='word_1_329' title='bbox 2580 1792 2716 1841; x_wconf 86' lang='lat' dir='ltr'><strong>tem</strong></span> <span class='ocrx_word' id='word_1_330' title='bbox 2781 1775 3131 1855; x_wconf 82' lang='lat' dir='ltr'><strong>detulisse,</strong></span> <span class='ocrx_word' id='word_1_331' title='bbox 3192 1793 3385 1872; x_wconf 82' lang='lat' dir='ltr'><strong>atque</strong></span> <span class='ocrx_word' id='word_1_332' title='bbox 3449 1780 3623 1843; x_wconf 86' lang='lat' dir='ltr'><strong>istud</strong></span> <span class='ocrx_word' id='word_1_333' title='bbox 3698 1795 4068 1869; x_wconf 60' lang='lat' dir='ltr'><strong>promen-a,</strong></span> 
     </span>
     <span class='ocr_line' id='line_1_56' title="bbox 2581 1880 4070 1972; baseline 0.002 -31"><span class='ocrx_word' id='word_1_334' title='bbox 2581 1880 2755 1972; x_wconf 79' lang='lat' dir='ltr'><strong>quod</strong></span> <span class='ocrx_word' id='word_1_335' title='bbox 2794 1882 3062 1958; x_wconf 73' lang='lat' dir='ltr'><strong>eaedem</strong></span> <span class='ocrx_word' id='word_1_336' title='bbox 3099 1880 3488 1952; x_wconf 76' lang='lat' dir='ltr'><strong>Kalendae</strong></span> <span class='ocrx_word' id='word_1_337' title='bbox 3469 1883 3731 1965; x_wconf 69' lang='lat' dir='ltr'><strong>imperii</strong></span> <span class='ocrx_word' id='word_1_338' title='bbox 3766 1883 3865 1945; x_wconf 88' lang='lat' dir='ltr'><strong>sui</strong></span> <span class='ocrx_word' id='word_1_339' title='bbox 3898 1896 4070 1946; x_wconf 85' lang='lat' dir='ltr'><strong>nata-</strong></span> 
     </span>
     <span class='ocr_line' id='line_1_57' title="bbox 2581 1970 4071 2072; baseline 0.005 -28"><span class='ocrx_word' id='word_1_340' title='bbox 2581 1983 2664 2044; x_wconf 91' lang='lat' dir='ltr'><strong>lis</strong></span> <span class='ocrx_word' id='word_1_341' title='bbox 2714 1982 3081 2057; x_wconf 79' lang='lat' dir='ltr'><strong>fue1e‚ex</strong></span> <span class='ocrx_word' id='word_1_342' title='bbox 3128 2004 3250 2069; x_wconf 81' lang='lat' dir='ltr'><strong>qua</strong></span> <span class='ocrx_word' id='word_1_343' title='bbox 3318 1984 3469 2068; x_wconf 80' lang='lat' dir='ltr'><strong>lege</strong></span> <span class='ocrx_word' id='word_1_344' title='bbox 3522 1987 3656 2052; x_wconf 85' lang='lat' dir='ltr'><strong>Titi</strong></span> <span class='ocrx_word' id='word_1_345' title='bbox 3677 1970 4071 2072; x_wconf 72' lang='lat' dir='ltr'><strong>tribunatus</strong></span> 
     </span>
     <span class='ocr_line' id='line_1_58' title="bbox 2576 2082 4069 2164; baseline 0.001 -18"><span class='ocrx_word' id='word_1_346' title='bbox 2576 2086 2781 2152; x_wconf 88' lang='lat' dir='ltr'><strong>VIIII.</strong></span> <span class='ocrx_word' id='word_1_347' title='bbox 2825 2083 3020 2148; x_wconf 87' lang='lat' dir='ltr'><strong>initus</strong></span> <span class='ocrx_word' id='word_1_348' title='bbox 3064 2100 3162 2146; x_wconf 86' lang='lat' dir='ltr'><strong>est</strong></span> <span class='ocrx_word' id='word_1_349' title='bbox 3194 2082 3515 2150; x_wconf 84' lang='lat' dir='ltr'><strong>Kalendis</strong></span> <span class='ocrx_word' id='word_1_350' title='bbox 3547 2088 3668 2156; x_wconf 89' lang='lat' dir='ltr'><strong>Iul.</strong></span> <span class='ocrx_word' id='word_1_351' title='bbox 3708 2088 3788 2156; x_wconf 86' lang='lat' dir='ltr'><strong>V.</strong></span> <span class='ocrx_word' id='word_1_352' title='bbox 3824 2090 3894 2151; x_wconf 89' lang='lat' dir='ltr'><strong>C.</strong></span> <span class='ocrx_word' id='word_1_353' title='bbox 3926 2089 4069 2164; x_wconf 75' lang='lat'><strong>832,</strong></span> 
     </span>
     <span class='ocr_line' id='line_1_59' title="bbox 2578 2186 4070 2274; baseline 0.005 -26"><span class='ocrx_word' id='word_1_354' title='bbox 2578 2206 2696 2248; x_wconf 88' lang='lat' dir='ltr'><strong>seu</strong></span> <span class='ocrx_word' id='word_1_355' title='bbox 2720 2186 2828 2248; x_wconf 90' lang='lat' dir='ltr'><strong>die</strong></span> <span class='ocrx_word' id='word_1_356' title='bbox 2858 2187 3032 2265; x_wconf 88' lang='lat' dir='ltr'><strong>V11.,</strong></span> <span class='ocrx_word' id='word_1_357' title='bbox 3078 2208 3161 2250; x_wconf 85' lang='lat' dir='ltr'><strong>ex</strong></span> <span class='ocrx_word' id='word_1_358' title='bbox 3190 2209 3319 2274; x_wconf 90' lang='lat' dir='ltr'><strong>quo</strong></span> <span class='ocrx_word' id='word_1_359' title='bbox 3353 2191 3684 2271; x_wconf 80' lang='lat' dir='ltr'><strong>Augustus</strong></span> <span class='ocrx_word' id='word_1_360' title='bbox 3708 2190 4070 2274; x_wconf 82' lang='lat' dir='ltr'><strong>appellatus</strong></span> 
     </span>
     <span class='ocr_line' id='line_1_60' title="bbox 2579 2288 4068 2384; baseline -0.001 -34"><span class='ocrx_word' id='word_1_361' title='bbox 2579 2303 2716 2366; x_wconf 87' lang='lat' dir='ltr'><strong>est,</strong></span> <span class='ocrx_word' id='word_1_362' title='bbox 2761 2289 2927 2350; x_wconf 80' lang='lat' dir='ltr'><strong>intra</strong></span> <span class='ocrx_word' id='word_1_363' title='bbox 2966 2288 3426 2374; x_wconf 83' lang='lat' dir='ltr'><strong>quod-aretum</strong></span> <span class='ocrx_word' id='word_1_364' title='bbox 3474 2309 3731 2384; x_wconf 80' lang='lat' dir='ltr'><strong>tempus</strong></span> <span class='ocrx_word' id='word_1_365' title='bbox 3768 2304 3877 2354; x_wconf 77' lang='lat' dir='ltr'><strong>aut</strong></span> <span class='ocrx_word' id='word_1_366' title='bbox 3908 2290 4068 2358; x_wconf 81' lang='lat' dir='ltr'><strong>nulli</strong></span> 
     </span>
     <span class='ocr_line' id='line_1_61' title="bbox 2578 2390 4065 2473; baseline 0.002 -20"><span class='ocrx_word' id='word_1_367' title='bbox 2578 2390 2719 2473; x_wconf 82' lang='lat' dir='ltr'><strong>ejus</strong></span> <span class='ocrx_word' id='word_1_368' title='bbox 2745 2390 2921 2454; x_wconf 88' lang='lat' dir='ltr'><strong>numi</strong></span> <span class='ocrx_word' id='word_1_369' title='bbox 2951 2412 3096 2464; x_wconf 82' lang='lat' dir='ltr'><strong>cum</strong></span> <span class='ocrx_word' id='word_1_370' title='bbox 3135 2395 3466 2462; x_wconf 81' lang='lat' dir='ltr'><strong>mentione</strong></span> <span class='ocrx_word' id='word_1_371' title='bbox 3504 2393 3867 2463; x_wconf 75' lang='lat' dir='ltr'><strong>tribunatus</strong></span> <span class='ocrx_word' id='word_1_372' title='bbox 3893 2395 4065 2456; x_wconf 79' lang='lat' dir='ltr'><strong>vm.</strong></span> 
     </span>
     <span class='ocr_line' id='line_1_62' title="bbox 2577 2492 4067 2590; baseline 0.003 -37"><span class='ocrx_word' id='word_1_373' title='bbox 2577 2492 2714 2556; x_wconf 84' lang='lat' dir='ltr'><strong>cusi</strong></span> <span class='ocrx_word' id='word_1_374' title='bbox 2757 2506 2940 2570; x_wconf 87' lang='lat' dir='ltr'><strong>sunt,</strong></span> <span class='ocrx_word' id='word_1_375' title='bbox 2997 2508 3107 2557; x_wconf 85' lang='lat' dir='ltr'><strong>aut</strong></span> <span class='ocrx_word' id='word_1_376' title='bbox 3154 2496 3412 2564; x_wconf 85' lang='lat' dir='ltr'><strong>nonnisi</strong></span> <span class='ocrx_word' id='word_1_377' title='bbox 3447 2498 3851 2590; x_wconf 73' lang='lat' dir='ltr'><strong>paucissimi,</strong></span> <span class='ocrx_word' id='word_1_378' title='bbox 3913 2515 4067 2580; x_wconf 88' lang='lat' dir='ltr'><strong>quo.-</strong></span> 
     </span>
     <span class='ocr_line' id='line_1_63' title="bbox 2577 2593 4068 2688; baseline 0.004 -33"><span class='ocrx_word' id='word_1_379' title='bbox 2577 2616 2721 2656; x_wconf 85' lang='lat' dir='ltr'><strong>rum</strong></span> <span class='ocrx_word' id='word_1_380' title='bbox 2754 2593 2921 2656; x_wconf 81' lang='lat' dir='ltr'><strong>adeo</strong></span> <span class='ocrx_word' id='word_1_381' title='bbox 2941 2595 3156 2658; x_wconf 87' lang='lat' dir='ltr'><strong>nullus</strong></span> <span class='ocrx_word' id='word_1_382' title='bbox 3175 2595 3256 2659; x_wconf 84' lang='lat' dir='ltr'><strong>ad</strong></span> <span class='ocrx_word' id='word_1_383' title='bbox 3285 2619 3400 2659; x_wconf 90' lang='lat' dir='ltr'><strong>nos</strong></span> <span class='ocrx_word' id='word_1_384' title='bbox 3425 2600 3828 2679; x_wconf 77' lang='lat' dir='ltr'><strong>pervenerit.</strong></span> <span class='ocrx_word' id='word_1_385' title='bbox 3875 2593 4068 2688; x_wconf 75' lang='lat' dir='ltr'><strong>Quod</strong></span> 
     </span>
     <span class='ocr_line' id='line_1_64' title="bbox 2577 2696 4066 2778; baseline 0.001 -18"><span class='ocrx_word' id='word_1_386' title='bbox 2577 2696 2632 2760; x_wconf 88' lang='lat' dir='ltr'><strong>si</strong></span> <span class='ocrx_word' id='word_1_387' title='bbox 2674 2697 2763 2759; x_wconf 87' lang='lat' dir='ltr'><strong>ita</strong></span> <span class='ocrx_word' id='word_1_388' title='bbox 2807 2696 3040 2775; x_wconf 87' lang='lat' dir='ltr'><strong>habet,</strong></span> <span class='ocrx_word' id='word_1_389' title='bbox 3087 2712 3338 2768; x_wconf 86' lang='lat' dir='ltr'><strong>certum</strong></span> <span class='ocrx_word' id='word_1_390' title='bbox 3382 2701 3579 2768; x_wconf 82' lang='lat' dir='ltr'><strong>etiam</strong></span> <span class='ocrx_word' id='word_1_391' title='bbox 3613 2745 3631 2778; x_wconf 88' lang='grc'>,</span> <span class='ocrx_word' id='word_1_392' title='bbox 3677 2702 3896 2761; x_wconf 84' lang='lat' dir='ltr'><strong>Titum</strong></span> <span class='ocrx_word' id='word_1_393' title='bbox 3939 2703 4066 2766; x_wconf 82' lang='lat' dir='ltr'><strong>Ka·</strong></span> 
     </span>
    </p>
   </div>
   <div class='ocr_carea' id='block_1_19' title="bbox 2525 2790 4070 2877">
    <p class='ocr_par' dir='ltr' id='par_1_19' title="bbox 2525 2790 4070 2877">
     <span class='ocr_line' id='line_1_65' title="bbox 2525 2790 4070 2877; baseline 0.001 -17"><span class='ocrx_word' id='word_1_394' title='bbox 2525 2805 2532 2810; x_wconf 81' lang='grc'><strong><em>’</em></strong></span> <span class='ocrx_word' id='word_1_395' title='bbox 2576 2800 2787 2870; x_wconf 73' lang='lat' dir='ltr'><strong>lendis</strong></span> <span class='ocrx_word' id='word_1_396' title='bbox 2819 2802 2938 2871; x_wconf 85' lang='lat' dir='ltr'><strong>Iul.</strong></span> <span class='ocrx_word' id='word_1_397' title='bbox 2980 2804 3060 2870; x_wconf 90' lang='lat' dir='ltr'><strong>V.</strong></span> <span class='ocrx_word' id='word_1_398' title='bbox 3101 2802 3171 2863; x_wconf 89' lang='lat' dir='ltr'><strong>C.</strong></span> <span class='ocrx_word' id='word_1_399' title='bbox 3208 2804 3336 2877; x_wconf 73' lang='lat'><strong>834</strong></span> <span class='ocrx_word' id='word_1_400' title='bbox 3374 2804 3767 2870; x_wconf 74' lang='lat' dir='ltr'><strong>tribunatum</strong></span> <span class='ocrx_word' id='word_1_401' title='bbox 3802 2806 3916 2867; x_wconf 87' lang='lat' dir='ltr'><strong>XI.</strong></span> <span class='ocrx_word' id='word_1_402' title='bbox 3939 2790 4070 2863; x_wconf 86' lang='lat' dir='ltr'><strong>ini-</strong></span> 
     </span>
    </p>
   </div>
   <div class='ocr_carea' id='block_1_20' title="bbox 2571 2900 4071 3603">
    <p class='ocr_par' dir='ltr' id='par_1_20' title="bbox 2574 2900 4071 3391">
     <span class='ocr_line' id='line_1_66' title="bbox 2575 2900 4070 2988; baseline 0.001 -23"><span class='ocrx_word' id='word_1_403' title='bbox 2575 2900 2783 2978; x_wconf 74' lang='lat' dir='ltr'><strong>visse,</strong></span> <span class='ocrx_word' id='word_1_404' title='bbox 2832 2917 2976 2988; x_wconf 75' lang='lat' dir='ltr'><strong>quo·</strong></span> <span class='ocrx_word' id='word_1_405' title='bbox 3000 2902 3258 2971; x_wconf 82' lang='lat' dir='ltr'><strong>labente</strong></span> <span class='ocrx_word' id='word_1_406' title='bbox 3296 2919 3590 2970; x_wconf 86' lang='lat' dir='ltr'><strong>mortuus</strong></span> <span class='ocrx_word' id='word_1_407' title='bbox 3629 2918 3729 2970; x_wconf 81' lang='lat' dir='ltr'><strong>est</strong></span> <span class='ocrx_word' id='word_1_408' title='bbox 3761 2904 3922 2968; x_wconf 86' lang='lat' dir='ltr'><strong>idib.</strong></span> <span class='ocrx_word' id='word_1_409' title='bbox 3955 2907 4070 2967; x_wconf 64' lang='lat' dir='ltr'><strong>Se,-</strong></span> 
     </span>
     <span class='ocr_line' id='line_1_67' title="bbox 2574 2990 4071 3090; baseline 0.001 -24"><span class='ocrx_word' id='word_1_410' title='bbox 2574 2990 2914 3089; x_wconf 81' lang='lat' dir='ltr'><strong>ptembris.</strong></span> <span class='ocrx_word' id='word_1_411' title='bbox 3000 3006 3073 3067; x_wconf 88' lang='lat' dir='ltr'><strong>In</strong></span> <span class='ocrx_word' id='word_1_412' title='bbox 3117 3006 3328 3068; x_wconf 87' lang='lat' dir='ltr'><strong>numis</strong></span> <span class='ocrx_word' id='word_1_413' title='bbox 3375 2992 3767 3069; x_wconf 61' lang='lat' dir='ltr'><strong>tribubatum</strong></span> <span class='ocrx_word' id='word_1_414' title='bbox 3816 3021 4071 3090; x_wconf 66' lang='lat' dir='ltr'><strong>postre-</strong></span> 
     </span>
     <span class='ocr_line' id='line_1_68' title="bbox 2576 3104 4070 3184; baseline 0.002 -18"><span class='ocrx_word' id='word_1_415' title='bbox 2576 3127 2750 3167; x_wconf 89' lang='lat' dir='ltr'><strong>mum</strong></span> <span class='ocrx_word' id='word_1_416' title='bbox 2781 3104 3095 3167; x_wconf 83' lang='lat' dir='ltr'><strong>habemus</strong></span> <span class='ocrx_word' id='word_1_417' title='bbox 3126 3107 3237 3172; x_wconf 84' lang='lat' dir='ltr'><strong>lx.</strong></span> <span class='ocrx_word' id='word_1_418' title='bbox 3221 3152 3278 3184; x_wconf 88' lang='lat'><strong>.‚</strong></span> <span class='ocrx_word' id='word_1_419' title='bbox 3322 3120 3386 3169; x_wconf 85' lang='lat' dir='ltr'><strong>at</strong></span> <span class='ocrx_word' id='word_1_420' title='bbox 3428 3109 3493 3170; x_wconf 89' lang='lat' dir='ltr'><strong>in</strong></span> <span class='ocrx_word' id='word_1_421' title='bbox 3541 3107 3795 3183; x_wconf 87' lang='lat' dir='ltr'><strong>celebri</strong></span> <span class='ocrx_word' id='word_1_422' title='bbox 3839 3109 4070 3171; x_wconf 84' lang='lat' dir='ltr'><strong>inscri-</strong></span> 
     </span>
     <span class='ocr_line' id='line_1_69' title="bbox 2574 3209 4065 3297; baseline 0.007 -31"><span class='ocrx_word' id='word_1_423' title='bbox 2574 3210 2800 3293; x_wconf 82' lang='lat' dir='ltr'><strong>ptione</strong></span> <span class='ocrx_word' id='word_1_424' title='bbox 2834 3222 3065 3291; x_wconf 81' lang='lat' dir='ltr'><strong>portae</strong></span> <span class='ocrx_word' id='word_1_425' title='bbox 3100 3209 3362 3297; x_wconf 85' lang='lat' dir='ltr'><strong>majoris</strong></span> <span class='ocrx_word' id='word_1_426' title='bbox 3380 3211 3629 3279; x_wconf 82' lang='lat' dir='ltr'><strong>Romae</strong></span> <span class='ocrx_word' id='word_1_427' title='bbox 3662 3209 4065 3295; x_wconf 71' lang='lat' dir='ltr'><strong>legitur-TR-</strong></span> 
     </span>
     <span class='ocr_line' id='line_1_70' title="bbox 2575 3310 3012 3391; baseline 0 -21"><span class='ocrx_word' id='word_1_428' title='bbox 2575 3310 2782 3375; x_wconf 88' lang='grc' dir='ltr'><strong>ΡΟΤ.</strong></span> <span class='ocrx_word' id='word_1_429' title='bbox 2821 3311 2900 3372; x_wconf 92' lang='grc' dir='ltr'><strong>Χ.</strong></span> <span class='ocrx_word' id='word_1_430' title='bbox 2935 3311 3012 3391; x_wconf 82' lang='grc'><strong>·).</strong></span> 
     </span>
    </p>

    <p class='ocr_par' dir='ltr' id='par_1_21' title="bbox 2571 3406 4070 3603">
     <span class='ocr_line' id='line_1_71' title="bbox 2703 3406 4070 3501; baseline 0.002 -26"><span class='ocrx_word' id='word_1_431' title='bbox 2703 3413 2777 3475; x_wconf 88' lang='lat' dir='ltr'><strong>In</strong></span> <span class='ocrx_word' id='word_1_432' title='bbox 2832 3409 3204 3474; x_wconf 81' lang='lat' dir='ltr'><strong>Domitiano</strong></span> <span class='ocrx_word' id='word_1_433' title='bbox 3249 3406 3559 3501; x_wconf 82' lang='lat' dir='ltr'><strong>expedita</strong></span> <span class='ocrx_word' id='word_1_434' title='bbox 3598 3412 3854 3491; x_wconf 77' lang='lat' dir='ltr'><strong>omnia,</strong></span> <span class='ocrx_word' id='word_1_435' title='bbox 3918 3413 4070 3499; x_wconf 73' lang='lat' dir='ltr'><strong>qnia</strong></span> 
     </span>
     <span class='ocr_line' id='line_1_72' title="bbox 2571 3508 4067 3603; baseline 0.005 -29"><span class='ocrx_word' id='word_1_436' title='bbox 2571 3515 2716 3584; x_wconf 85' lang='lat' dir='ltr'><strong>VII.</strong></span> <span class='ocrx_word' id='word_1_437' title='bbox 2804 3515 3176 3600; x_wconf 71' lang='lat' dir='ltr'><strong>consulatus</strong></span> <span class='ocrx_word' id='word_1_438' title='bbox 3261 3508 3699 3592; x_wconf 86' lang='lat' dir='ltr'><strong>continuavit,</strong></span> <span class='ocrx_word' id='word_1_439' title='bbox 3784 3536 4067 3603; x_wconf 82' lang='lat' dir='ltr'><strong>quornm</strong></span> 
     </span>
    </p>
   </div>
   <div class='ocr_carea' id='block_1_21' title="bbox 2528 3614 4068 3805">
    <p class='ocr_par' dir='ltr' id='par_1_22' title="bbox 2528 3614 4068 3805">
     <span class='ocr_line' id='line_1_73' title="bbox 2528 3614 4066 3695; baseline 0.002 -18"><span class='ocrx_word' id='word_1_440' title='bbox 2528 3615 2815 3695; x_wconf 60' lang='lat' dir='ltr'><strong>⁴singuli</strong></span> <span class='ocrx_word' id='word_1_441' title='bbox 2875 3634 3021 3677; x_wconf 87' lang='lat' dir='ltr'><strong>eum</strong></span> <span class='ocrx_word' id='word_1_442' title='bbox 3087 3614 3275 3677; x_wconf 88' lang='lat' dir='ltr'><strong>binos</strong></span> <span class='ocrx_word' id='word_1_443' title='bbox 3338 3615 3631 3679; x_wconf 80' lang='lat' dir='ltr'><strong>diversos</strong></span> <span class='ocrx_word' id='word_1_444' title='bbox 3698 3614 4066 3683; x_wconf 74' lang='lat' dir='ltr'><strong>tribunatus</strong></span> 
     </span>
     <span class='ocr_line' id='line_1_74' title="bbox 2553 3710 4068 3805; baseline 0.005 -28"><span class='ocrx_word' id='word_1_445' title='bbox 2553 3717 2888 3795; x_wconf 80' lang='lat' dir='ltr'><strong>offerant,</strong></span> <span class='ocrx_word' id='word_1_446' title='bbox 2931 3717 3260 3805; x_wconf 86' lang='lat' dir='ltr'><strong>sequitur,</strong></span> <span class='ocrx_word' id='word_1_447' title='bbox 3305 3712 3458 3781; x_wconf 61' lang='lat' dir='ltr'><strong>trib:</strong></span> <span class='ocrx_word' id='word_1_448' title='bbox 3495 3710 3908 3802; x_wconf 27' lang='lat' dir='ltr'><strong>potestatem*</strong></span> <span class='ocrx_word' id='word_1_449' title='bbox 3934 3724 4068 3785; x_wconf 74' lang='lat' dir='ltr'><strong>Ka·</strong></span> 
     </span>
    </p>
   </div>
   <div class='ocr_carea' id='block_1_22' title="bbox 2569 3819 4068 3887">
    <p class='ocr_par' dir='ltr' id='par_1_23' title="bbox 2569 3819 4068 3887">
     <span class='ocr_line' id='line_1_75' title="bbox 2569 3819 4068 3887; baseline 0.004 -7"><span class='ocrx_word' id='word_1_450' title='bbox 2569 3819 2785 3882; x_wconf 88' lang='lat' dir='ltr'><strong>lendis</strong></span> <span class='ocrx_word' id='word_1_451' title='bbox 2835 3820 2967 3883; x_wconf 85' lang='lat' dir='ltr'><strong>I-an.</strong></span> <span class='ocrx_word' id='word_1_452' title='bbox 3020 3821 3315 3882; x_wconf 87' lang='lat' dir='ltr'><strong>iteratam</strong></span> <span class='ocrx_word' id='word_1_453' title='bbox 3373 3841 3500 3882; x_wconf 86' lang='lat' dir='ltr'><strong>non</strong></span> <span class='ocrx_word' id='word_1_454' title='bbox 3553 3821 3786 3887; x_wconf 80' lang='lat' dir='ltr'><strong>fuisse.</strong></span> <span class='ocrx_word' id='word_1_455' title='bbox 3885 3825 4068 3886; x_wconf 69' lang='lat' dir='ltr'><strong>Maz-</strong></span> 
     </span>
    </p>
   </div>
   <div class='ocr_carea' id='block_1_23' title="bbox 2559 3912 4068 4017">
    <p class='ocr_par' dir='ltr' id='par_1_24' title="bbox 2559 3912 4068 4017">
     <span class='ocr_line' id='line_1_76' title="bbox 2559 3912 4068 4017; baseline 0.003 -33"><span class='ocrx_word' id='word_1_456' title='bbox 2559 3912 2846 3984; x_wconf 59' lang='lat' dir='ltr'><strong>solenus</strong></span> <span class='ocrx_word' id='word_1_457' title='bbox 2904 3919 2971 3981; x_wconf 88' lang='lat' dir='ltr'><strong>in</strong></span> <span class='ocrx_word' id='word_1_458' title='bbox 3032 3919 3160 3983; x_wconf 87' lang='lat' dir='ltr'><strong>hoe</strong></span> <span class='ocrx_word' id='word_1_459' title='bbox 3220 3941 3522 4017; x_wconf 78' lang='lat' dir='ltr'><strong>quoque</strong></span> <span class='ocrx_word' id='word_1_460' title='bbox 3517 3937 3838 3987; x_wconf 79' lang='lat' dir='ltr'><strong>veterem</strong></span> <span class='ocrx_word' id='word_1_461' title='bbox 3883 3945 4068 3988; x_wconf 86' lang='lat' dir='ltr'><strong>suam</strong></span> 
     </span>
    </p>
   </div>
   <div class='ocr_carea' id='block_1_24' title="bbox 2551 4016 4162 4621">
    <p class='ocr_par' dir='ltr' id='par_1_25' title="bbox 2568 4016 4162 4621">
     <span class='ocr_line' id='line_1_77' title="bbox 2575 4016 4069 4109; baseline 0.001 -24"><span class='ocrx_word' id='word_1_462' title='bbox 2575 4016 2960 4103; x_wconf 78' lang='lat' dir='ltr'><strong>sententiam</strong></span> <span class='ocrx_word' id='word_1_463' title='bbox 3013 4027 3189 4088; x_wconf 75' lang='lat' dir='ltr'><strong>tueri</strong></span> <span class='ocrx_word' id='word_1_464' title='bbox 3243 4024 3578 4109; x_wconf 80' lang='lat' dir='ltr'><strong>perrexit3</strong></span> <span class='ocrx_word' id='word_1_465' title='bbox 3637 4038 3700 4092; x_wconf 85' lang='lat' dir='ltr'><strong>at</strong></span> <span class='ocrx_word' id='word_1_466' title='bbox 3760 4044 3911 4087; x_wconf 85' lang='lat' dir='ltr'><strong>cum</strong></span> <span class='ocrx_word' id='word_1_467' title='bbox 3968 4026 4069 4090; x_wconf 82' lang='lat' dir='ltr'><strong>sic</strong></span> 
     </span>
     <span class='ocr_line' id='line_1_78' title="bbox 2574 4125 4072 4210; baseline 0 -21"><span class='ocrx_word' id='word_1_468' title='bbox 2574 4125 2946 4192; x_wconf 85' lang='lat' dir='ltr'><strong>consulatus</strong></span> <span class='ocrx_word' id='word_1_469' title='bbox 2987 4147 3136 4189; x_wconf 86' lang='lat' dir='ltr'><strong>cum</strong></span> <span class='ocrx_word' id='word_1_470' title='bbox 3170 4126 3598 4189; x_wconf 79' lang='lat' dir='ltr'><strong>tribunatibus</strong></span> <span class='ocrx_word' id='word_1_471' title='bbox 3634 4147 3766 4203; x_wconf 82' lang='lat' dir='ltr'><strong>non</strong></span> <span class='ocrx_word' id='word_1_472' title='bbox 3810 4127 4072 4210; x_wconf 79' lang='lat' dir='ltr'><strong>conspi-</strong></span> 
     </span>
     <span class='ocr_line' id='line_1_79' title="bbox 3619 4220 4068 4292; baseline 0.002 -1"><span class='ocrx_word' id='word_1_473' title='bbox 3619 4220 4068 4292; x_wconf 82' lang='lat' dir='ltr'><strong>Domitianum</strong></span> 
     </span>
     <span class='ocr_line' id='line_1_80' title="bbox 2568 4329 4070 4418; baseline 0.002 -27"><span class='ocrx_word' id='word_1_474' title='bbox 2568 4349 2702 4393; x_wconf 86' lang='lat' dir='ltr'><strong>non</strong></span> <span class='ocrx_word' id='word_1_475' title='bbox 2755 4350 2907 4392; x_wconf 83' lang='lat' dir='ltr'><strong>mox</strong></span> <span class='ocrx_word' id='word_1_476' title='bbox 2941 4329 3102 4393; x_wconf 88' lang='lat' dir='ltr'><strong>idib.</strong></span> <span class='ocrx_word' id='word_1_477' title='bbox 3157 4331 3619 4414; x_wconf 77' lang='lat' dir='ltr'><strong>Septembris,</strong></span> <span class='ocrx_word' id='word_1_478' title='bbox 3662 4330 3894 4418; x_wconf 86' lang='lat' dir='ltr'><strong>quibus</strong></span> <span class='ocrx_word' id='word_1_479' title='bbox 3938 4330 4070 4395; x_wconf 73' lang='lat' dir='ltr'><strong>fra-</strong></span> 
     </span>
     <span class='ocr_line' id='line_1_81' title="bbox 2551 4428 4073 4518; baseline 0.001 -23.013"><span class='ocrx_word' id='word_1_480' title='bbox 2551 4433 2656 4497; x_wconf 86' lang='lat' dir='ltr'><strong>tri</strong></span> <span class='ocrx_word' id='word_1_481' title='bbox 2689 4432 3039 4510; x_wconf 82' lang='lat' dir='ltr'><strong>suecessit,</strong></span> <span class='ocrx_word' id='word_1_482' title='bbox 3065 4428 3450 4515; x_wconf 66' lang='lat' dir='ltr'><strong>suscepisse</strong></span> <span class='ocrx_word' id='word_1_483' title='bbox 3490 4433 3639 4497; x_wconf 71' lang='lat' dir='ltr'><strong>trib.</strong></span> <span class='ocrx_word' id='word_1_484' title='bbox 3671 4446 4073 4518; x_wconf 82' lang='lat' dir='ltr'><strong>potestatem</strong></span> 
     </span>
     <span class='ocr_line' id='line_1_82' title="bbox 2569 4533 4162 4621; baseline -0.001 -19"><span class='ocrx_word' id='word_1_485' title='bbox 2569 4535 2691 4602; x_wconf 82' lang='lat' dir='ltr'><strong>sed</strong></span> <span class='ocrx_word' id='word_1_486' title='bbox 2749 4536 2959 4603; x_wconf 83' lang='lat' dir='ltr'><strong>serius</strong></span> <span class='ocrx_word' id='word_1_487' title='bbox 3000 4536 3085 4603; x_wconf 77' lang='grc' dir='ltr'><strong>Χ.</strong></span> <span class='ocrx_word' id='word_1_488' title='bbox 3128 4534 3519 4602; x_wconf 85' lang='lat' dir='ltr'><strong>Decembris</strong></span> <span class='ocrx_word' id='word_1_489' title='bbox 3576 4556 3728 4603; x_wconf 89' lang='lat' dir='ltr'><strong>cum</strong></span> <span class='ocrx_word' id='word_1_490' title='bbox 3783 4533 4064 4621; x_wconf 81' lang='lat' dir='ltr'><strong>reliquis</strong></span> <span class='ocrx_word' id='word_1_491' title='bbox 4153 4536 4162 4540; x_wconf 80' lang='grc'><em>’</em></span> 
     </span>
    </p>
   </div>
  </div>
 </body>
</html>
