4388 5576
860 430 1010 506 DE
1099 373 1845 506 TRIBVNITIA
1899 385 2643 505 POTESTATE.

216 636 510 685 normam
537 614 750 700 palam
785 614 1186 698 respiciunt,
1233 632 1396 700 quos
1435 610 1706 677 recitavi

215 741 412 805 supra
439 719 506 782 in
529 720 881 793 Caracalla,
920 716 1299 782 Alexandro
1322 717 1496 792 Sev.,
1543 713 1709 778 Gor-

217 821 431 887 diano.
516 820 750 903 Neque
798 833 1017 886 tamen
1081 834 1436 904 propterea
1497 805 1708 902 dupli-

215 945 360 990 cem
391 921 630 987 eodem
670 936 971 1008 tempore
1003 919 1392 985 numerandi
1423 919 1709 982 tribuna·

218 1041 323 1091 tus
358 1025 677 1089 modum
657 1047 724 1086 ιιι
758 1045 1105 1088 commune
1133 1013 1411 1090 valuisffe
1443 1013 1712 1106 permit-

158 1188 162 1192 .
217 1142 389 1204 tam,
434 1125 610 1213 quod
649 1107 846 1190 toties
885 1128 951 1187 in
985 1123 1434 1188 Mazzoleno
1415 1144 1557 1207 ipse
1593 1123 1711 1184 im·

216 1229 512 1313 probavi.
598 1229 787 1292 Hauc
836 1229 1012 1291 enim
1052 1203 1446 1290 discordiam
1491 1226 1710 1308 potius

214 1331 508 1418 privatae
568 1330 1085 1395 monetariorum
1139 1327 1434 1406 libidini,
1517 1349 1706 1413 quam

218 1433 593 1496 auctoritati
650 1427 955 1514 publicae
1014 1430 1453 1513 imputandam
1528 1443 1709 1512 puto,

218 1536 406 1618 cujus
473 1533 739 1618 generis
790 1532 1048 1608 illustre
1099 1534 1474 1617 exemplum
1514 1553 1710 1616 supra

217 1635 285 1698 in
321 1635 614 1698 Macrino
646 1634 991 1720 proposui.
1075 1634 1178 1700 Ad
1213 1635 1381 1699 haec
1404 1647 1540 1722 tang
1562 1646 1711 1695 suut

160 1771 169 1778 ’
216 1757 365 1801 rara
396 1734 589 1821 hujus
621 1736 1284 1822 dissensusexempla
1307 1782 1326 1815 ,
1368 1750 1443 1800 ut
1473 1750 1613 1800 tuto
1634 1735 1735 1798 li-‘

218 1853 363 1903 ceat
416 1839 485 1902 in
531 1840 659 1904 hoe
710 1838 953 1919 judicio
1005 1860 1238 1905 eorum
1281 1859 1416 1904 non
1461 1839 1708 1905 habere

182 2005 188 2020 ,
216 1941 564 2011 rationem.
608 1942 781 2009 Vide
804 1985 820 2016 ,
865 1960 1029 2023 quae
1064 1942 1190 2010 alia
1225 1943 1354 2007 buc
1380 1943 1712 2027 pertinen·

217 2041 308 2105 tia
350 2041 634 2106 disserui
681 2043 749 2104 in
793 2041 1028 2126 regula
1072 2046 1183 2114 IV.
1223 2043 1378 2107 huic
1430 2041 1714 2107 examini

216 2141 535 2227 praefixa.

145 2331 154 2338 ·
345 2245 432 2322 V,
474 2242 779 2328 Denique
827 2215 975 2312 cum
1012 2246 1096 2314 ad
1141 2245 1562 2331 explicandos
1599 2245 1713 2310 tri·

220 2347 580 2410 bunatunm
590 2368 922 2424 numeros
952 2351 1299 2428 auctiores,
1345 2371 1536 2435 quam
1568 2349 1713 2435 plu·

217 2447 391 2512 rium
429 2449 923 2530 Augustorum'
904 2453 1255 2536 imperium
1290 2471 1528 2536 capere
1564 2470 1712 2535 pos·

124 2565 128 2578 '
220 2549 305 2612 sit
320 2593 338 2626 ,
371 2567 802 2645 prorsusonon
824 2551 1034 2615 valeat
1052 2552 1347 2619 Panvinii
1365 2552 1713 2629 sententia,

221 2663 293 2727 et⁸
330 2669 605 2713 necesse
652 2650 916 2732 omnino
967 2652 1051 2715 sit
1097 2655 1437 2738 respicere
1495 2655 1740 2731 alim,

216 2752 610 2836 magis-sane
637 2751 1045 2819 commodam
1065 2800 1084 2833 ‚
1130 2769 1198 2820 et
1226 2776 1378 2823 cum
1410 2760 1707 2823 veterum

217 2856 659 2921 monumentis
687 2858 892 2939 magis
907 2858 1389 2942 conspirantem
1404 2881 1562 2947 prae
1588 2862 1711 2926 hac

218 2958 572 3045 nostra'vix
594 2978 756 3022 reor
781 2978 976 3042 posse
999 2962 1306 3043 reperiri.
1349 2964 1711 3028 Enimvero

86 3155 100 3163 ·
151 3146 157 3157 ι
220 3060 375 3122 satis
410 3061 905 3144 perspeximus,
954 3066 1100 3123 cum
1147 3065 1403 3147 quantis
1434 3063 1714 3128 difficul-

218 3159 461 3222 tatibus
498 3156 998 3222 conssictandum
1019 3161 1221 3228 fuerit
1242 3164 1344 3241 iis,
1365 3166 1476 3247 qui
1495 3187 1713 3248 quam·

224 3279 485 3341 cunque
552 3260 742 3323 aliam
790 3260 1155 3329 doctrinam
1206 3277 1316 3329 aut
1369 3284 1713 3350 reperere,

224 3373 336 3427 aut
371 3359 581 3427 secuti
607 3374 777 3424 sunt.

826 3470 831 3475 '
959 3463 999 3501 δ

351 3567 570 3645 Haeo,
639 3584 805 3651 quae
864 3510 1181 3637 banzensi:
1237 3567 1323 3632 de
1363 3569 1714 3636 iteratione

3090 443 3397 528 *1149‘

1820 613 1975 675 trib.
2008 613 2351 699 potestatis
2384 612 2745 696 disputavi,
2790 614 2929 677 sola
2955 627 3123 690 sunt,
3150 636 3315 698 quae

1822 716 2202 801 amplissimi
2258 716 2401 800 ejus
2438 716 2731 779 muneris
2795 717 3154 781 doctrinam
3201 720 3320 782 im-

1820 816 2109 904 peditam
2162 816 2471 883 reddunt.
2554 818 2836 902 Reliqua
2896 819 3087 904 plana
3143 836 3358 898 sunt,-

1821 922 2119 1009 nullique
2157 920 2439 985 obnoxia
2472 918 2872 986 difficultati.
2960 925 3120 986 Cum
3174 925 3318 1008 ejus

1822 1023 1889 1088 in
1936 1024 2253 1110 Augustis
2306 1036 2526 1088 ortum
2593 1025 3155 1104 enarraverimus,
3215 1049 3321 1090 su-

1823 1139 2084 1212 perest,
2126 1138 2200 1187 ut
2235 1125 2468 1203 etiam,
2513 1125 2770 1211 quando
2790 1124 3137 1205 desiverit,
3183 1149 3319 1193 me·

1824 1248 2180 1291 moremus.
2255 1229 2673 1289 Postremum
2704 1228 2974 1313 reperio
3008 1232 3322 1295 Constan-

1823 1331 2029 1392 tinum
2061 1327 2151 1392 Μ.
2177 1372 2193 1403 ,
2241 1329 2353 1412 qui
2388 1347 2533 1390 eam
2563 1343 2866 1392 monetae
2886 1330 3318 1414 inscripserit.

1823 1435 1927 1495 De
1992 1430 2387 1515 epigraphe:
2480 1430 2619 1492 ΤΒ.
2682 1431 2756 1492 Ρ.
2815 1431 3144 1499 xxxvn.
3167 1477 3184 1510 ,
3251 1449 3321 1496 et

1822 1534 2190 1610 xxxxl1.‚
2242 1532 2352 1616 qui
2385 1544 2667 1615 uterque
2701 1532 2932 1595 modus
2960 1534 3173 1594 fertur
3208 1553 3321 1612 ex,-

1822 1638 2095 1698 starwin
2131 1636 2349 1698 aureis
2381 1635 2743 1698 Theodosii
2771 1637 2893 1709 11.‚
2939 1633 3134 1697 dubia
3172 1654 3318 1697 mea

1780 1747 1805 1762 ‘'
1825 1737 2101 1821 exposui
2135 1739 2206 1799 in
2231 1737 2424 1820 hujus
2457 1749 2746 1798 moneta.
2791 1805 2797 1811 ⁴
2827 1737 2917 1799 At
2939 1736 3006 1798 in
3039 1754 3321 1799 marmo-

1823 1841 2015 1905 ribus
2061 1840 2203 1923 ejus
2268 1859 2427 1904 usus
2492 1836 2893 1923 aliquamdiu
2944 1850 3094 1921 post
3152 1838 3325 1902 Con·

1827 1944 2175 2006 stantinum
2240 1941 2530 2018 duravit,
2602 1958 2752 2002 nam
2813 1951 3081 2024 reperta
3149 1954 3320 2017 sunt,

1829 2061 1996 2129 quae
2036 2064 2181 2108 eam
2231 2044 2443 2108 adbuc
2478 2042 2863 2126 dignitatem
2897 2040 3100 2104 titulis
3134 2043 3324 2106 Iulia-

1698 2159 1703 2164 ·
1823 2148 1931 2223 ni,
1979 2143 2793 2224 Valen·tiniani,‘Gratiani
2818 2142 3161 2208 addidere.
3219 2148 3323 2206 In-

1824 2249 1981 2317 fimo
2014 2268 2179 2312 aevo
2229 2270 2353 2331 pro
2401 2248 2738 2311 mentione
2792 2244 2943 2307 trib.
2981 2243 3320 2327 potestatis

1825 2349 2222 2433 aliquamdiu
2274 2350 2339 2410 in
2399 2347 2617 2411 numis
2674 2347 2878 2414 valuit
2931 2346 3319 2431 inscriptum

1823 2450 2092 2516 ANNO.
2138 2452 2609 2516 1.11.111.etc.
2695 2448 2869 2576 Vide
2902 2470 3134 2515 numos
3165 2449 3322 2513 inde

1825 2576 1861 2617 a
1888 2551 2141 2615 Iustino
2179 2555 2233 2614 1.

1951 2657 2114 2719 Cum
2149 2674 2232 2717 ex
2257 2668 2485 2719 natura
2526 2653 2679 2718 trib.
2711 2635 3055 2741 potestatis
3077 2671 3322 2738 nequa·

1826 2779 2016 2843 quam
2052 2757 2132 2822 ad
2161 2758 2359 2835 hanc,
2406 2768 2479 2820 ut
2500 2755 2580 2821 ad
2612 2768 2996 2846 sequentem
3027 2756 3318 2821 consula-

1824 2876 2003 2940 tum,
2060 2860 2514 2945 designatione
2575 2858 2738 2943 opus
2796 2870 3009 2936 esset,
3083 2859 3360 2919 mirum·

1827 2986 2017 3043 sane,
2055 2974 2404 3048 ‘repertum
2451 2963 2652 3037 fuisse
2695 2981 3020 3041 marmor,
3075 2959 3141 3021 in
3192 2980 3324 3042 quo

1829 3069 2116 3133 Severus
2150 3065 2436 3127 di‘citurz‘
2473 3062 2941 3127 'rma-Por.
2974 3062 3086 3123 111.
3121 3060 3319 3122 DES.

1827 3170 1975 3230 1111.
2012 3168 2206 3233 COS.
2253 3168 2334 3228 11.
2369 3166 2468 3245 ⁴)ae
2507 3166 2730 3246 ‘Ego,
2788 3164 2900 3244 qui
2944 3181 3078 3225 nou
3125 3161 3320 3224 facile

1824 3267 2129 3354 prodigia·
2185 3268 2253 3327 iu
2312 3281 2521 3330 artem
2595 3277 2881 3330 nostram
2941 3261 3322 3346 recipienda

1827 3387 2107 3445 censeo,
2169 3367 2612 3432 maleleot‘am
2657 3364 3067 3449 epigraphen
3102 3365 3319 3427 existi·

1827 3488 1970 3546 mo,
2015 3483 2085 3533 et
2118 3468 2590 3534 restituendam
2640 3466 3036 3530 lectionemz
3091 3466 3320 3531 TRIB.

1826 3573 2034 3641 Po'r.
2071 3574 2182 3639 111.
2225 3573 2402 3639 IMP.
2439 3572 2581 3635 1111.
2616 3569 2807 3635 COS.
2843 3570 2926 3631 11.

303 4740 335 4774 a
402 4717 568 4795 Spon
608 4715 860 4775 Miscell.
899 4732 1035 4793 pag.
1075 4716 1203 4788 269.

434 4811 610 4886 (Vol.
642 4808 869 4887 VIII.)

2704 4804 2877 4865 1211
