<?xml version="1.0" encoding="UTF-8"?>
<!DOCTYPE html PUBLIC "-//W3C//DTD XHTML 1.0 Transitional//EN"
    "http://www.w3.org/TR/xhtml1/DTD/xhtml1-transitional.dtd">
<html xmlns="http://www.w3.org/1999/xhtml" xml:lang="en" lang="en">
 <head>
  <title>
</title>
<meta http-equiv="Content-Type" content="text/html;charset=utf-8" />
  <meta name='ocr-system' content='tesseract 3.04.00' />
  <meta name='ocr-capabilities' content='ocr_page ocr_carea ocr_par ocr_line ocrx_word'/>
</head>
<body>
  <div class='ocr_page' id='page_1' title='image "./doctrinanumorum04hohlgoog/doctrinanumorum04hohlgoog_0635.png"; bbox 0 0 4388 5576; ppageno 0'>
   <div class='ocr_carea' id='block_1_1' title="bbox 1035 483 3354 631">
    <p class='ocr_par' dir='ltr' id='par_1_1' title="bbox 1035 483 3354 631">
     <span class='ocr_line' id='line_1_1' title="bbox 1035 483 3354 631; baseline -0.002 -14"><span class='ocrx_word' id='word_1_1' title='bbox 1035 539 1188 617; x_wconf 84' lang='lat' dir='ltr'><strong>AD</strong></span> <span class='ocrx_word' id='word_1_2' title='bbox 1257 534 1851 616; x_wconf 69' lang='lat' dir='ltr'><strong>voLvMeN</strong></span> <span class='ocrx_word' id='word_1_3' title='bbox 1922 483 2590 618; x_wconf 47' lang='lat' dir='ltr'><strong>secarNDvM.</strong></span> <span class='ocrx_word' id='word_1_4' title='bbox 2773 516 2780 519; x_wconf 78' lang='grc'>’</span> <span class='ocrx_word' id='word_1_5' title='bbox 3261 567 3354 631; x_wconf 73' lang='lat'><strong>23</strong></span> 
     </span>
    </p>
   </div>
   <div class='ocr_carea' id='block_1_2' title="bbox 265 706 1740 880">
    <p class='ocr_par' dir='ltr' id='par_1_2' title="bbox 265 706 1740 880">
     <span class='ocr_line' id='line_1_2' title="bbox 266 706 1740 794; baseline -0.003 -16"><span class='ocrx_word' id='word_1_6' title='bbox 266 715 412 778; x_wconf 84' lang='lat' dir='ltr'><strong>lium</strong></span> <span class='ocrx_word' id='word_1_7' title='bbox 450 706 626 776; x_wconf 77' lang='lat' dir='ltr'><strong>istud</strong></span> <span class='ocrx_word' id='word_1_8' title='bbox 667 730 705 774; x_wconf 88' lang='lat' dir='ltr'><strong>a</strong></span> <span class='ocrx_word' id='word_1_9' title='bbox 747 722 968 774; x_wconf 77' lang='lat' dir='ltr'><strong>nostra</strong></span> <span class='ocrx_word' id='word_1_10' title='bbox 1002 710 1424 777; x_wconf 76' lang='lat' dir='ltr'><strong>Macedoniae</strong></span> <span class='ocrx_word' id='word_1_11' title='bbox 1462 710 1740 794; x_wconf 81' lang='lat' dir='ltr'>Neapoli</span> 
     </span>
     <span class='ocr_line' id='line_1_3' title="bbox 265 810 759 880; baseline -0.008 -1"><span class='ocrx_word' id='word_1_12' title='bbox 265 816 336 880; x_wconf 75' lang='lat' dir='ltr'><strong>sit</strong></span> <span class='ocrx_word' id='word_1_13' title='bbox 360 810 759 880; x_wconf 70' lang='lat' dir='ltr'><strong>arcendum·</strong></span> 
     </span>
    </p>
   </div>
   <div class='ocr_carea' id='block_1_3' title="bbox 524 1018 1459 1243">
    <p class='ocr_par' dir='ltr' id='par_1_3' title="bbox 524 1018 1459 1243">
     <span class='ocr_line' id='line_1_4' title="bbox 524 1018 1459 1111; baseline 0 -28"><span class='ocrx_word' id='word_1_14' title='bbox 524 1020 601 1083; x_wconf 86' lang='lat' dir='ltr'><strong>P.</strong></span> <span class='ocrx_word' id='word_1_15' title='bbox 622 1038 732 1102; x_wconf 77' lang='lat'><strong>⁰7¹7.</strong></span> <span class='ocrx_word' id='word_1_16' title='bbox 766 1018 894 1111; x_wconf 82' lang='lat' dir='ltr'><strong>col.</strong></span> <span class='ocrx_word' id='word_1_17' title='bbox 926 1038 981 1081; x_wconf 84' lang='grc' dir='ltr'><strong>ι.</strong></span> <span class='ocrx_word' id='word_1_18' title='bbox 1009 1030 1169 1100; x_wconf 80' lang='lat' dir='ltr'><strong>post</strong></span> <span class='ocrx_word' id='word_1_19' title='bbox 1207 1020 1327 1086; x_wconf 83' lang='lat' dir='ltr'><strong>lin.</strong></span> <span class='ocrx_word' id='word_1_20' title='bbox 1356 1034 1459 1083; x_wconf 70' lang='grc' dir='ltr'><strong>ιο.</strong></span> 
     </span>
     <span class='ocr_line' id='line_1_5' title="bbox 774 1142 1311 1243; baseline 0.002 -1"><span class='ocrx_word' id='word_1_21' title='bbox 774 1176 836 1242; x_wconf 80' lang='lat' dir='ltr'><strong>-s</strong></span> <span class='ocrx_word' id='word_1_22' title='bbox 856 1142 1231 1243; x_wconf 49' lang='lat' dir='ltr'><strong>0101?ss-</strong></span> <span class='ocrx_word' id='word_1_23' title='bbox 1308 1234 1311 1243; x_wconf 90' lang='lat'><strong>.</strong></span> 
     </span>
    </p>
   </div>
   <div class='ocr_carea' id='block_1_4' title="bbox 216 1317 1740 3110">
    <p class='ocr_par' dir='ltr' id='par_1_4' title="bbox 250 1317 1740 1909">
     <span class='ocr_line' id='line_1_6' title="bbox 354 1317 1734 1402; baseline -0.002 -19"><span class='ocrx_word' id='word_1_24' title='bbox 354 1319 511 1384; x_wconf 85' lang='lat' dir='ltr'><strong>&#39;Sita</strong></span> <span class='ocrx_word' id='word_1_25' title='bbox 579 1318 650 1381; x_wconf 88' lang='lat' dir='ltr'><strong>in</strong></span> <span class='ocrx_word' id='word_1_26' title='bbox 712 1317 1134 1382; x_wconf 80' lang='lat' dir='ltr'><strong>Chersoneso</strong></span> <span class='ocrx_word' id='word_1_27' title='bbox 1190 1320 1483 1383; x_wconf 79' lang='lat' dir='ltr'><strong>Pallene.</strong></span> <span class='ocrx_word' id='word_1_28' title='bbox 1562 1318 1734 1402; x_wconf 77' lang='lat' dir='ltr'><strong>&#39;Ejus</strong></span> 
     </span>
     <span class='ocr_line' id='line_1_7' title="bbox 256 1406 1737 1507; baseline -0.001 -23"><span class='ocrx_word' id='word_1_29' title='bbox 256 1433 512 1507; x_wconf 87' lang='lat' dir='ltr'><strong>praeter</strong></span> <span class='ocrx_word' id='word_1_30' title='bbox 557 1421 719 1487; x_wconf 88' lang='lat' dir='ltr'><strong>alios</strong></span> <span class='ocrx_word' id='word_1_31' title='bbox 766 1418 1110 1505; x_wconf 76' lang='lat' dir='ltr'><strong>aliquoties</strong></span> <span class='ocrx_word' id='word_1_32' title='bbox 1157 1406 1454 1483; x_wconf 76' lang='lat' dir='ltr'><strong>meminit</strong></span> <span class='ocrx_word' id='word_1_33' title='bbox 1490 1423 1737 1483; x_wconf 85' lang='lat' dir='ltr'><strong>Demo-</strong></span> 
     </span>
     <span class='ocr_line' id='line_1_8' title="bbox 255 1522 1737 1589; baseline -0.003 -3"><span class='ocrx_word' id='word_1_34' title='bbox 255 1525 514 1588; x_wconf 79' lang='lat' dir='ltr'>sthenes</span> <span class='ocrx_word' id='word_1_35' title='bbox 557 1522 626 1585; x_wconf 79' lang='lat' dir='ltr'><strong>in</strong></span> <span class='ocrx_word' id='word_1_36' title='bbox 672 1522 964 1585; x_wconf 87' lang='lat' dir='ltr'><strong>oratione</strong></span> <span class='ocrx_word' id='word_1_37' title='bbox 1008 1522 1150 1588; x_wconf 84' lang='lat' dir='ltr'><strong>adv.</strong></span> <span class='ocrx_word' id='word_1_38' title='bbox 1186 1523 1539 1589; x_wconf 87' lang='lat' dir='ltr'><strong>Lacritum.</strong></span> <span class='ocrx_word' id='word_1_39' title='bbox 1591 1525 1737 1585; x_wconf 83' lang='lat' dir='ltr'><strong>Au-</strong></span> 
     </span>
     <span class='ocr_line' id='line_1_9' title="bbox 257 1623 1740 1711; baseline -0.003 -24"><span class='ocrx_word' id='word_1_40' title='bbox 257 1638 583 1687; x_wconf 81' lang='lat' dir='ltr'><strong>tonomum</strong></span> <span class='ocrx_word' id='word_1_41' title='bbox 622 1645 841 1711; x_wconf 86' lang='lat' dir='ltr'><strong>nuper</strong></span> <span class='ocrx_word' id='word_1_42' title='bbox 883 1623 1087 1687; x_wconf 80' lang='lat' dir='ltr'><strong>edidit</strong></span> <span class='ocrx_word' id='word_1_43' title='bbox 1134 1625 1430 1687; x_wconf 81' lang='lat' dir='ltr'><strong>Sestinus</strong></span> <span class='ocrx_word' id='word_1_44' title='bbox 1474 1643 1558 1687; x_wconf 86' lang='lat' dir='ltr'><strong>ex</strong></span> <span class='ocrx_word' id='word_1_45' title='bbox 1602 1644 1740 1684; x_wconf 89' lang='lat' dir='ltr'><strong>mu-</strong></span> 
     </span>
     <span class='ocr_line' id='line_1_10' title="bbox 255 1725 1739 1810; baseline 0.002 -24"><span class='ocrx_word' id='word_1_46' title='bbox 255 1744 364 1787; x_wconf 87' lang='lat' dir='ltr'><strong>sco</strong></span> <span class='ocrx_word' id='word_1_47' title='bbox 437 1725 957 1810; x_wconf 72' lang='lat' dir='ltr'><strong>Cousineryanot</strong></span> <span class='ocrx_word' id='word_1_48' title='bbox 1035 1727 1340 1810; x_wconf 82' lang='lat' dir='ltr'><strong>(Lettere</strong></span> <span class='ocrx_word' id='word_1_49' title='bbox 1405 1728 1484 1789; x_wconf 72' lang='lat' dir='ltr'><strong>T.</strong></span> <span class='ocrx_word' id='word_1_50' title='bbox 1528 1725 1612 1793; x_wconf 91' lang='lat' dir='ltr'><strong>V.</strong></span> <span class='ocrx_word' id='word_1_51' title='bbox 1665 1745 1739 1808; x_wconf 77' lang='lat' dir='ltr'><strong>p.</strong></span> 
     </span>
     <span class='ocr_line' id='line_1_11' title="bbox 250 1827 1205 1909; baseline 0.001 -22"><span class='ocrx_word' id='word_1_52' title='bbox 250 1827 509 1909; x_wconf 82' lang='lat' dir='ltr'><strong>LXIV.)</strong></span> <span class='ocrx_word' id='word_1_53' title='bbox 1198 1872 1205 1873; x_wconf 25' lang='lat' dir='ltr'><em>ff</em></span> 
     </span>
    </p>

    <p class='ocr_par' dir='ltr' id='par_1_5' title="bbox 251 1918 1736 2094">
     <span class='ocr_line' id='line_1_12' title="bbox 370 1918 1736 2009; baseline 0.001 -18"><span class='ocrx_word' id='word_1_54' title='bbox 370 1930 594 2009; x_wconf 77' lang='lat' dir='ltr'><strong>Caput</strong></span> <span class='ocrx_word' id='word_1_55' title='bbox 651 1931 951 1991; x_wconf 72' lang='lat' dir='ltr'><strong>Veneris.</strong></span> <span class='ocrx_word' id='word_1_56' title='bbox 1028 1922 1079 1985; x_wconf 61' lang='grc' dir='ltr'><strong>Ξ</strong></span> <span class='ocrx_word' id='word_1_57' title='bbox 1137 1918 1736 1992; x_wconf 79' lang='grc' dir='ltr'><strong>ΣΚΙΩΝΑῘῺΝ.</strong></span> 
     </span>
     <span class='ocr_line' id='line_1_13' title="bbox 251 2029 1733 2094; baseline -0.002 -3"><span class='ocrx_word' id='word_1_58' title='bbox 251 2030 445 2091; x_wconf 80' lang='lat' dir='ltr'><strong>Duae</strong></span> <span class='ocrx_word' id='word_1_59' title='bbox 474 2030 827 2092; x_wconf 67' lang='lat' dir='ltr'><strong>columbae</strong></span> <span class='ocrx_word' id='word_1_60' title='bbox 868 2030 1002 2091; x_wconf 66' lang='lat' dir='ltr'><strong>siba·</strong></span> <span class='ocrx_word' id='word_1_61' title='bbox 1043 2030 1403 2091; x_wconf 81' lang='lat' dir='ltr'><strong>obviantes.</strong></span> <span class='ocrx_word' id='word_1_62' title='bbox 1448 2029 1591 2094; x_wconf 82' lang='grc' dir='ltr'><strong>ΑΕ.</strong></span> <span class='ocrx_word' id='word_1_63' title='bbox 1626 2031 1733 2089; x_wconf 86' lang='lat'><strong>111.</strong></span> 
     </span>
    </p>

    <p class='ocr_par' dir='ltr' id='par_1_6' title="bbox 216 2129 1739 3110">
     <span class='ocr_line' id='line_1_14' title="bbox 370 2129 1739 2213; baseline 0.001 -22"><span class='ocrx_word' id='word_1_64' title='bbox 370 2130 693 2213; x_wconf 71' lang='lat' dir='ltr'><strong>spectatis</strong></span> <span class='ocrx_word' id='word_1_65' title='bbox 729 2129 896 2212; x_wconf 87' lang='lat' dir='ltr'><strong>typis</strong></span> <span class='ocrx_word' id='word_1_66' title='bbox 936 2150 1169 2192; x_wconf 80' lang='lat' dir='ltr'><strong>numus</strong></span> <span class='ocrx_word' id='word_1_67' title='bbox 1214 2129 1319 2193; x_wconf 87' lang='lat' dir='ltr'><strong>hic</strong></span> <span class='ocrx_word' id='word_1_68' title='bbox 1366 2129 1592 2191; x_wconf 86' lang='lat' dir='ltr'><strong>similis</strong></span> <span class='ocrx_word' id='word_1_69' title='bbox 1638 2143 1739 2192; x_wconf 85' lang='lat' dir='ltr'><strong>est</strong></span> 
     </span>
     <span class='ocr_line' id='line_1_15' title="bbox 242 2230 1734 2316; baseline -0.001 -24"><span class='ocrx_word' id='word_1_70' title='bbox 242 2230 381 2308; x_wconf 81' lang='lat' dir='ltr'><strong>-ini,</strong></span> <span class='ocrx_word' id='word_1_71' title='bbox 436 2251 632 2316; x_wconf 86' lang='lat' dir='ltr'><strong>quem</strong></span> <span class='ocrx_word' id='word_1_72' title='bbox 677 2230 974 2293; x_wconf 82' lang='lat' dir='ltr'><strong>Goltzius</strong></span> <span class='ocrx_word' id='word_1_73' title='bbox 1018 2230 1247 2292; x_wconf 83' lang='lat' dir='ltr'>tribuit</span> <span class='ocrx_word' id='word_1_74' title='bbox 1282 2231 1490 2293; x_wconf 77' lang='lat' dir='ltr'><strong>&#39;Curio</strong></span> <span class='ocrx_word' id='word_1_75' title='bbox 1535 2231 1734 2314; x_wconf 81' lang='lat' dir='ltr'><strong>Cypri</strong></span> 
     </span>
     <span class='ocr_line' id='line_1_16' title="bbox 240 2328 1730 2415; baseline -0.004 -17"><span class='ocrx_word' id='word_1_76' title='bbox 240 2332 471 2398; x_wconf 82' lang='lat' dir='ltr'><strong>adficta</strong></span> <span class='ocrx_word' id='word_1_77' title='bbox 521 2331 825 2393; x_wconf 87' lang='lat' dir='ltr'><strong>nimirum</strong></span> <span class='ocrx_word' id='word_1_78' title='bbox 871 2332 1227 2415; x_wconf 80' lang='lat' dir='ltr'><strong>epigraphe</strong></span> <span class='ocrx_word' id='word_1_79' title='bbox 1270 2328 1730 2407; x_wconf 79' lang='lat' dir='ltr'><strong>KTPIEnN,</strong></span> 
     </span>
     <span class='ocr_line' id='line_1_17' title="bbox 239 2431 1732 2515; baseline -0.001 -17"><span class='ocrx_word' id='word_1_80' title='bbox 239 2455 388 2500; x_wconf 85' lang='lat' dir='ltr'><strong>cum</strong></span> <span class='ocrx_word' id='word_1_81' title='bbox 443 2447 661 2496; x_wconf 90' lang='lat' dir='ltr'><strong>tamen</strong></span> <span class='ocrx_word' id='word_1_82' title='bbox 716 2431 918 2495; x_wconf 87' lang='lat' dir='ltr'><strong>lectio</strong></span> <span class='ocrx_word' id='word_1_83' title='bbox 978 2433 1294 2515; x_wconf 82' lang='lat' dir='ltr'><strong>genuina,</strong></span> <span class='ocrx_word' id='word_1_84' title='bbox 1369 2432 1493 2496; x_wconf 81' lang='lat' dir='ltr'><strong>etsi</strong></span> <span class='ocrx_word' id='word_1_85' title='bbox 1547 2433 1732 2496; x_wconf 82' lang='lat' dir='ltr'><strong>nulle</strong></span> 
     </span>
     <span class='ocr_line' id='line_1_18' title="bbox 236 2528 1734 2617; baseline -0.003 -16"><span class='ocrx_word' id='word_1_86' title='bbox 236 2534 468 2614; x_wconf 71' lang='lat' dir='ltr'><strong>sensa,</strong></span> <span class='ocrx_word' id='word_1_87' title='bbox 508 2535 592 2597; x_wconf 89' lang='lat' dir='ltr'><strong>sit</strong></span> <span class='ocrx_word' id='word_1_88' title='bbox 620 2528 912 2611; x_wconf 82' lang='grc' dir='ltr'><strong>ΟΤΤΣ,</strong></span> <span class='ocrx_word' id='word_1_89' title='bbox 946 2533 1205 2617; x_wconf 87' lang='lat' dir='ltr'><strong>qualem</strong></span> <span class='ocrx_word' id='word_1_90' title='bbox 1240 2535 1534 2616; x_wconf 81' lang='lat' dir='ltr'><strong>praefert</strong></span> <span class='ocrx_word' id='word_1_91' title='bbox 1568 2534 1734 2596; x_wconf 87' lang='lat' dir='ltr'><strong>inte·</strong></span> 
     </span>
     <span class='ocr_line' id='line_1_19' title="bbox 232 2634 1734 2725; baseline -0.005 -23"><span class='ocrx_word' id='word_1_92' title='bbox 232 2637 564 2725; x_wconf 81' lang='lat' dir='ltr'><strong>gerrimus</strong></span> <span class='ocrx_word' id='word_1_93' title='bbox 607 2637 818 2698; x_wconf 86' lang='lat' dir='ltr'><strong>musei</strong></span> <span class='ocrx_word' id='word_1_94' title='bbox 852 2635 1192 2712; x_wconf 88' lang='lat' dir='ltr'><strong>Caesarei,</strong></span> <span class='ocrx_word' id='word_1_95' title='bbox 1242 2634 1485 2717; x_wconf 79' lang='lat' dir='ltr'><strong>quibus</strong></span> <span class='ocrx_word' id='word_1_96' title='bbox 1532 2655 1616 2697; x_wconf 82' lang='lat' dir='ltr'><strong>ex</strong></span> <span class='ocrx_word' id='word_1_97' title='bbox 1657 2634 1734 2695; x_wconf 90' lang='lat' dir='ltr'><strong>li-</strong></span> 
     </span>
     <span class='ocr_line' id='line_1_20' title="bbox 226 2734 1731 2824; baseline -0.004 -19"><span class='ocrx_word' id='word_1_98' title='bbox 226 2740 422 2819; x_wconf 86' lang='lat' dir='ltr'><strong>teris,</strong></span> <span class='ocrx_word' id='word_1_99' title='bbox 454 2753 529 2804; x_wconf 88' lang='lat' dir='ltr'><strong>ut</strong></span> <span class='ocrx_word' id='word_1_100' title='bbox 550 2738 916 2824; x_wconf 82' lang='lat' dir='ltr'><strong>suspicatur</strong></span> <span class='ocrx_word' id='word_1_101' title='bbox 947 2736 1240 2800; x_wconf 86' lang='lat' dir='ltr'><strong>Sestinus</strong></span> <span class='ocrx_word' id='word_1_102' title='bbox 1260 2780 1279 2815; x_wconf 92' lang='lat'><strong>,</strong></span> <span class='ocrx_word' id='word_1_103' title='bbox 1319 2734 1503 2798; x_wconf 90' lang='lat' dir='ltr'><strong>nullo</strong></span> <span class='ocrx_word' id='word_1_104' title='bbox 1532 2734 1731 2799; x_wconf 85' lang='lat' dir='ltr'><strong>modo</strong></span> 
     </span>
     <span class='ocr_line' id='line_1_21' title="bbox 225 2830 1727 2924; baseline -0.004 -16"><span class='ocrx_word' id='word_1_105' title='bbox 225 2843 509 2908; x_wconf 80' lang='lat' dir='ltr'><strong>formari</strong></span> <span class='ocrx_word' id='word_1_106' title='bbox 551 2853 769 2924; x_wconf 85' lang='lat' dir='ltr'><strong>potest</strong></span> <span class='ocrx_word' id='word_1_107' title='bbox 811 2838 1010 2903; x_wconf 88' lang='lat' dir='ltr'><strong>lectio</strong></span> <span class='ocrx_word' id='word_1_108' title='bbox 1040 2837 1426 2921; x_wconf 84' lang='lat' dir='ltr'><strong>retrograda</strong></span> <span class='ocrx_word' id='word_1_109' title='bbox 1456 2830 1727 2918; x_wconf 75' lang='grc' dir='ltr'><strong>ΣΚΙΩ..</strong></span> 
     </span>
     <span class='ocr_line' id='line_1_22' title="bbox 223 2933 1728 3018; baseline -0.005 -10"><span class='ocrx_word' id='word_1_110' title='bbox 223 2947 517 3008; x_wconf 78' lang='lat' dir='ltr'><strong>Monere</strong></span> <span class='ocrx_word' id='word_1_111' title='bbox 545 2962 816 3005; x_wconf 86' lang='lat' dir='ltr'><strong>necesse</strong></span> <span class='ocrx_word' id='word_1_112' title='bbox 850 2961 983 3001; x_wconf 89' lang='lat' dir='ltr'><strong>non</strong></span> <span class='ocrx_word' id='word_1_113' title='bbox 1023 2953 1158 3018; x_wconf 83' lang='lat' dir='ltr'><strong>est,</strong></span> <span class='ocrx_word' id='word_1_114' title='bbox 1201 2941 1538 3006; x_wconf 79' lang='lat' dir='ltr'><strong>Venerem</strong></span> <span class='ocrx_word' id='word_1_115' title='bbox 1558 2933 1728 3001; x_wconf 50' lang='lat' dir='ltr'><strong>“suas</strong></span> 
     </span>
     <span class='ocr_line' id='line_1_23' title="bbox 216 3039 929 3110; baseline -0.008 0"><span class='ocrx_word' id='word_1_116' title='bbox 216 3042 541 3110; x_wconf 68' lang='lat' dir='ltr'><strong>comitari</strong></span> <span class='ocrx_word' id='word_1_117' title='bbox 572 3039 929 3105; x_wconf 80' lang='lat' dir='ltr'><strong>columbas.</strong></span> 
     </span>
    </p>
   </div>
   <div class='ocr_carea' id='block_1_5' title="bbox 542 3222 1422 3298">
    <p class='ocr_par' dir='ltr' id='par_1_7' title="bbox 542 3222 1422 3298">
     <span class='ocr_line' id='line_1_24' title="bbox 542 3222 1422 3298; baseline -0.005 -10"><span class='ocrx_word' id='word_1_118' title='bbox 542 3229 640 3298; x_wconf 70' lang='grc' dir='ltr'><strong>ῚΡ.</strong></span> <span class='ocrx_word' id='word_1_119' title='bbox 661 3225 768 3290; x_wconf 78' lang='lat'><strong>81.</strong></span> <span class='ocrx_word' id='word_1_120' title='bbox 804 3223 932 3287; x_wconf 85' lang='lat' dir='ltr'><strong>col.</strong></span> <span class='ocrx_word' id='word_1_121' title='bbox 958 3237 1020 3286; x_wconf 75' lang='lat'><strong>2.</strong></span> <span class='ocrx_word' id='word_1_122' title='bbox 1060 3222 1152 3283; x_wconf 81' lang='lat' dir='ltr'><strong>ad</strong></span> <span class='ocrx_word' id='word_1_123' title='bbox 1175 3222 1295 3283; x_wconf 82' lang='lat' dir='ltr'><strong>lin.</strong></span> <span class='ocrx_word' id='word_1_124' title='bbox 1317 3243 1348 3281; x_wconf 67' lang='lat'><strong>‚¹</strong></span> <span class='ocrx_word' id='word_1_125' title='bbox 1365 3242 1422 3284; x_wconf 83' lang='lat'><strong>1.</strong></span> 
     </span>
    </p>
   </div>
   <div class='ocr_carea' id='block_1_6' title="bbox 174 3339 1732 4547">
    <p class='ocr_par' dir='ltr' id='par_1_8' title="bbox 174 3339 1732 4547">
     <span class='ocr_line' id='line_1_25' title="bbox 362 3339 1728 3423; baseline -0.001 -15"><span class='ocrx_word' id='word_1_126' title='bbox 362 3348 600 3408; x_wconf 87' lang='lat' dir='ltr'><strong>Narrat</strong></span> <span class='ocrx_word' id='word_1_127' title='bbox 652 3344 739 3412; x_wconf 85' lang='lat' dir='ltr'><strong>el.</strong></span> <span class='ocrx_word' id='word_1_128' title='bbox 786 3341 1114 3419; x_wconf 86' lang='lat' dir='ltr'><strong>Sestinus,</strong></span> <span class='ocrx_word' id='word_1_129' title='bbox 1163 3342 1468 3423; x_wconf 86' lang='lat' dir='ltr'><strong>(Lettere</strong></span> <span class='ocrx_word' id='word_1_130' title='bbox 1524 3341 1603 3404; x_wconf 87' lang='lat' dir='ltr'><strong>T.</strong></span> <span class='ocrx_word' id='word_1_131' title='bbox 1642 3339 1728 3406; x_wconf 87' lang='lat' dir='ltr'><strong>V.</strong></span> 
     </span>
     <span class='ocr_line' id='line_1_26' title="bbox 214 3440 1732 3536; baseline -0.003 -27"><span class='ocrx_word' id='word_1_132' title='bbox 214 3474 298 3536; x_wconf 79' lang='lat' dir='ltr'><strong>p.</strong></span> <span class='ocrx_word' id='word_1_133' title='bbox 322 3446 660 3528; x_wconf 77' lang='lat' dir='ltr'><strong>XXXIX.)</strong></span> <span class='ocrx_word' id='word_1_134' title='bbox 695 3465 782 3508; x_wconf 88' lang='lat' dir='ltr'><strong>eo</strong></span> <span class='ocrx_word' id='word_1_135' title='bbox 813 3443 998 3522; x_wconf 81' lang='lat' dir='ltr'><strong>loco,</strong></span> <span class='ocrx_word' id='word_1_136' title='bbox 1034 3464 1163 3529; x_wconf 89' lang='lat' dir='ltr'><strong>quo</strong></span> <span class='ocrx_word' id='word_1_137' title='bbox 1198 3440 1362 3506; x_wconf 90' lang='lat' dir='ltr'><strong>haec</strong></span> <span class='ocrx_word' id='word_1_138' title='bbox 1395 3443 1732 3524; x_wconf 84' lang='lat' dir='ltr'><strong>Uranopo-</strong></span> 
     </span>
     <span class='ocr_line' id='line_1_27' title="bbox 208 3544 1730 3631; baseline -0.005 -17"><span class='ocrx_word' id='word_1_139' title='bbox 208 3552 320 3614; x_wconf 75' lang='lat' dir='ltr'><strong>iis</strong></span> <span class='ocrx_word' id='word_1_140' title='bbox 357 3548 573 3626; x_wconf 87' lang='lat' dir='ltr'><strong>stetit,</strong></span> <span class='ocrx_word' id='word_1_141' title='bbox 620 3560 923 3631; x_wconf 85' lang='lat' dir='ltr'><strong>repertos</strong></span> <span class='ocrx_word' id='word_1_142' title='bbox 959 3545 1159 3608; x_wconf 87' lang='lat' dir='ltr'><strong>fuisse</strong></span> <span class='ocrx_word' id='word_1_143' title='bbox 1203 3565 1434 3607; x_wconf 87' lang='lat' dir='ltr'><strong>numos</strong></span> <span class='ocrx_word' id='word_1_144' title='bbox 1480 3544 1730 3607; x_wconf 83' lang='lat' dir='ltr'><strong>similes</strong></span> 
     </span>
     <span class='ocr_line' id='line_1_28' title="bbox 210 3644 1729 3736; baseline -0.008 -17"><span class='ocrx_word' id='word_1_145' title='bbox 210 3651 649 3736; x_wconf 77' lang='lat' dir='ltr'><strong>complures,</strong></span> <span class='ocrx_word' id='word_1_146' title='bbox 707 3669 790 3712; x_wconf 83' lang='lat' dir='ltr'><strong>ex</strong></span> <span class='ocrx_word' id='word_1_147' title='bbox 849 3646 1083 3731; x_wconf 86' lang='lat' dir='ltr'><strong>quibus</strong></span> <span class='ocrx_word' id='word_1_148' title='bbox 1136 3646 1238 3707; x_wconf 91' lang='lat' dir='ltr'><strong>illi</strong></span> <span class='ocrx_word' id='word_1_149' title='bbox 1294 3666 1553 3723; x_wconf 88' lang='lat' dir='ltr'><strong>omnes,</strong></span> <span class='ocrx_word' id='word_1_150' title='bbox 1618 3644 1729 3730; x_wconf 85' lang='lat' dir='ltr'><strong>qui</strong></span> 
     </span>
     <span class='ocr_line' id='line_1_29' title="bbox 200 3743 1729 3832; baseline -0.007 -12"><span class='ocrx_word' id='word_1_151' title='bbox 200 3753 447 3820; x_wconf 79' lang='lat' dir='ltr'><strong>illaesi</strong></span> <span class='ocrx_word' id='word_1_152' title='bbox 492 3752 720 3828; x_wconf 86' lang='lat' dir='ltr'><strong>fuere,</strong></span> <span class='ocrx_word' id='word_1_153' title='bbox 761 3750 1059 3832; x_wconf 89' lang='lat' dir='ltr'><strong>inscripti</strong></span> <span class='ocrx_word' id='word_1_154' title='bbox 1105 3761 1290 3811; x_wconf 84' lang='lat' dir='ltr'><strong>sunt:</strong></span> <span class='ocrx_word' id='word_1_155' title='bbox 1343 3743 1729 3810; x_wconf 80' lang='lat' dir='ltr'><strong>OTPANI-</strong></span> 
     </span>
     <span class='ocr_line' id='line_1_30' title="bbox 200 3847 1729 3929; baseline -0.007 -7"><span class='ocrx_word' id='word_1_156' title='bbox 200 3851 471 3922; x_wconf 82' lang='grc' dir='ltr'><strong>ΔΩΝ.</strong></span> <span class='ocrx_word' id='word_1_157' title='bbox 512 3847 963 3929; x_wconf 85' lang='grc' dir='ltr'><strong>ΠΟΛΕΩΣ,</strong></span> <span class='ocrx_word' id='word_1_158' title='bbox 1008 3850 1077 3912; x_wconf 84' lang='lat' dir='ltr'><strong>id</strong></span> <span class='ocrx_word' id='word_1_159' title='bbox 1127 3864 1265 3914; x_wconf 81' lang='lat' dir='ltr'><strong>est:</strong></span> <span class='ocrx_word' id='word_1_160' title='bbox 1292 3849 1293 3852; x_wconf 55' lang='grc'>’</span> <span class='ocrx_word' id='word_1_161' title='bbox 1319 3851 1476 3912; x_wconf 70' lang='lat' dir='ltr'><strong>urbs</strong></span> <span class='ocrx_word' id='word_1_162' title='bbox 1523 3852 1729 3912; x_wconf 86' lang='lat' dir='ltr'><strong>coele-</strong></span> 
     </span>
     <span class='ocr_line' id='line_1_31' title="bbox 185 3950 1722 4032; baseline -0.005 -8"><span class='ocrx_word' id='word_1_163' title='bbox 185 3962 479 4032; x_wconf 67' lang='lat' dir='ltr'><strong>stium,</strong></span> <span class='ocrx_word' id='word_1_164' title='bbox 530 3975 648 4018; x_wconf 79' lang='lat' dir='ltr'><strong>seu</strong></span> <span class='ocrx_word' id='word_1_165' title='bbox 705 3953 1211 4027; x_wconf 79' lang='lat' dir='ltr'><strong>coelicolarum,</strong></span> <span class='ocrx_word' id='word_1_166' title='bbox 1283 3950 1513 4013; x_wconf 83' lang='lat' dir='ltr'><strong>eodem</strong></span> <span class='ocrx_word' id='word_1_167' title='bbox 1577 3951 1722 4016; x_wconf 85' lang='lat' dir='ltr'><strong>fere</strong></span> 
     </span>
     <span class='ocr_line' id='line_1_32' title="bbox 186 4041 1721 4130; baseline -0.008 -4"><span class='ocrx_word' id='word_1_168' title='bbox 186 4080 426 4126; x_wconf 82' lang='lat' dir='ltr'><strong>sensu</strong></span> <span class='ocrx_word' id='word_1_169' title='bbox 486 4078 633 4122; x_wconf 90' lang='lat' dir='ltr'><strong>cum</strong></span> <span class='ocrx_word' id='word_1_170' title='bbox 691 4046 1210 4118; x_wconf 67' lang='lat' dir='ltr'><strong>OTPANIAE.</strong></span> <span class='ocrx_word' id='word_1_171' title='bbox 1269 4041 1721 4130; x_wconf 85' lang='grc' dir='ltr'><strong>ΠΟΛΕΩΣ,</strong></span> 
     </span>
     <span class='ocr_line' id='line_1_33' title="bbox 177 4153 1721 4242; baseline -0.005 -15"><span class='ocrx_word' id='word_1_172' title='bbox 177 4177 284 4227; x_wconf 79' lang='lat' dir='ltr'><strong>ut</strong></span> <span class='ocrx_word' id='word_1_173' title='bbox 328 4158 532 4236; x_wconf 84' lang='lat' dir='ltr'><strong>adeo,</strong></span> <span class='ocrx_word' id='word_1_174' title='bbox 566 4179 731 4242; x_wconf 88' lang='lat' dir='ltr'><strong>quae</strong></span> <span class='ocrx_word' id='word_1_175' title='bbox 769 4156 1096 4241; x_wconf 82' lang='lat' dir='ltr'><strong>sequitur,</strong></span> <span class='ocrx_word' id='word_1_176' title='bbox 1124 4153 1514 4238; x_wconf 82' lang='lat' dir='ltr'><strong>explicatio,</strong></span> <span class='ocrx_word' id='word_1_177' title='bbox 1548 4156 1721 4220; x_wconf 81' lang='lat' dir='ltr'><strong>salva</strong></span> 
     </span>
     <span class='ocr_line' id='line_1_34' title="bbox 175 4257 1718 4353; baseline -0.004 -26"><span class='ocrx_word' id='word_1_178' title='bbox 175 4262 438 4353; x_wconf 81' lang='lat' dir='ltr'><strong>possit</strong></span> <span class='ocrx_word' id='word_1_179' title='bbox 473 4279 884 4343; x_wconf 84' lang='lat' dir='ltr'><strong>permanere.</strong></span> <span class='ocrx_word' id='word_1_180' title='bbox 943 4260 1086 4321; x_wconf 86' lang='lat' dir='ltr'><strong>Hac</strong></span> <span class='ocrx_word' id='word_1_181' title='bbox 1132 4278 1295 4342; x_wconf 83' lang='lat' dir='ltr'><strong>ergo</strong></span> <span class='ocrx_word' id='word_1_182' title='bbox 1339 4257 1519 4319; x_wconf 85' lang='lat' dir='ltr'><strong>urhis</strong></span> <span class='ocrx_word' id='word_1_183' title='bbox 1565 4278 1718 4321; x_wconf 86' lang='lat' dir='ltr'><strong>suae</strong></span> 
     </span>
     <span class='ocr_line' id='line_1_35' title="bbox 176 4359 1724 4453; baseline -0.003 -27"><span class='ocrx_word' id='word_1_184' title='bbox 176 4360 669 4453; x_wconf 67' lang='lat' dir='ltr'><strong>appellatione</strong></span> <span class='ocrx_word' id='word_1_185' title='bbox 718 4380 905 4422; x_wconf 86' lang='lat' dir='ltr'><strong>mons</strong></span> <span class='ocrx_word' id='word_1_186' title='bbox 940 4359 1113 4424; x_wconf 77' lang='lat' dir='ltr'><strong>At‘ho</strong></span> <span class='ocrx_word' id='word_1_187' title='bbox 1147 4380 1295 4422; x_wconf 86' lang='lat' dir='ltr'><strong>sese</strong></span> <span class='ocrx_word' id='word_1_188' title='bbox 1327 4359 1593 4443; x_wconf 82' lang='lat' dir='ltr'><strong>Olympi</strong></span> <span class='ocrx_word' id='word_1_189' title='bbox 1636 4361 1724 4422; x_wconf 87' lang='lat' dir='ltr'><strong>ri·</strong></span> 
     </span>
     <span class='ocr_line' id='line_1_36' title="bbox 174 4460 1726 4547; baseline -0.004 -17"><span class='ocrx_word' id='word_1_190' title='bbox 174 4469 449 4537; x_wconf 73' lang='lat' dir='ltr'><strong>valem</strong></span> <span class='ocrx_word' id='word_1_191' title='bbox 506 4461 849 4547; x_wconf 86' lang='lat' dir='ltr'><strong>professus</strong></span> <span class='ocrx_word' id='word_1_192' title='bbox 910 4473 1039 4535; x_wconf 87' lang='lat' dir='ltr'><strong>est,</strong></span> <span class='ocrx_word' id='word_1_193' title='bbox 1115 4460 1346 4545; x_wconf 83' lang='lat' dir='ltr'><strong>dignus</strong></span> <span class='ocrx_word' id='word_1_194' title='bbox 1418 4463 1726 4524; x_wconf 85' lang='lat' dir='ltr'><strong>nimirum</strong></span> 
     </span>
    </p>
   </div>
   <div class='ocr_carea' id='block_1_7' title="bbox 167 4561 1728 4661">
    <p class='ocr_par' dir='ltr' id='par_1_9' title="bbox 167 4561 1728 4661">
     <span class='ocr_line' id='line_1_37' title="bbox 167 4561 1728 4661; baseline -0.016 -25"><span class='ocrx_word' id='word_1_195' title='bbox 167 4581 509 4661; x_wconf 80' lang='lat' dir='ltr'><strong>propter</strong></span> <span class='ocrx_word' id='word_1_196' title='bbox 546 4562 720 4628; x_wconf 88' lang='lat' dir='ltr'><strong>coeli</strong></span> <span class='ocrx_word' id='word_1_197' title='bbox 752 4561 1086 4638; x_wconf 77' lang='lat' dir='ltr'><strong>viciniam,</strong></span> <span class='ocrx_word' id='word_1_198' title='bbox 1131 4562 1193 4622; x_wconf 92' lang='lat' dir='ltr'><strong>in</strong></span> <span class='ocrx_word' id='word_1_199' title='bbox 1236 4584 1428 4647; x_wconf 79' lang='lat' dir='ltr'><strong>quem</strong></span> <span class='ocrx_word' id='word_1_200' title='bbox 1468 4586 1539 4629; x_wconf 70' lang='lat' dir='ltr'><strong>se</strong></span> <span class='ocrx_word' id='word_1_201' title='bbox 1572 4584 1728 4628; x_wconf 64' lang='lat'><strong>009-</strong></span> 
     </span>
    </p>
   </div>
   <div class='ocr_carea' id='block_1_8' title="bbox 170 4663 1199 4740">
    <p class='ocr_par' dir='ltr' id='par_1_10' title="bbox 170 4663 1199 4740">
     <span class='ocr_line' id='line_1_38' title="bbox 170 4663 1199 4740; baseline -0.015 0"><span class='ocrx_word' id='word_1_202' title='bbox 170 4681 442 4740; x_wconf 75' lang='lat' dir='ltr'><strong>lestes</strong></span> <span class='ocrx_word' id='word_1_203' title='bbox 468 4666 718 4732; x_wconf 89' lang='lat' dir='ltr'><strong>animae</strong></span> <span class='ocrx_word' id='word_1_204' title='bbox 757 4663 1199 4727; x_wconf 83' lang='lat' dir='ltr'><strong>demitterent.</strong></span> 
     </span>
    </p>
   </div>
   <div class='ocr_carea' id='block_1_9' title="bbox 2139 664 3059 793">
    <p class='ocr_par' dir='ltr' id='par_1_11' title="bbox 2139 664 3059 793">
     <span class='ocr_line' id='line_1_39' title="bbox 2139 664 3059 793; baseline 0.002 -16"><span class='ocrx_word' id='word_1_205' title='bbox 2139 664 2344 778; x_wconf 52' lang='lat'><strong>2286.</strong></span> <span class='ocrx_word' id='word_1_206' title='bbox 2367 714 2505 777; x_wconf 63' lang='lat' dir='ltr'><strong>vol.</strong></span> <span class='ocrx_word' id='word_1_207' title='bbox 2533 728 2595 777; x_wconf 69' lang='lat' dir='ltr'><strong>a.</strong></span> <span class='ocrx_word' id='word_1_208' title='bbox 2624 724 2782 793; x_wconf 70' lang='lat' dir='ltr'><strong>post</strong></span> <span class='ocrx_word' id='word_1_209' title='bbox 2817 714 2934 776; x_wconf 80' lang='lat' dir='ltr'><strong>lin.</strong></span> <span class='ocrx_word' id='word_1_210' title='bbox 2965 714 3059 779; x_wconf 77' lang='lat' dir='ltr'><strong>ib.</strong></span> 
     </span>
    </p>
   </div>
   <div class='ocr_carea' id='block_1_10' title="bbox 2246 846 2953 935">
    <p class='ocr_par' dir='ltr' id='par_1_12' title="bbox 2246 846 2953 935">
     <span class='ocr_line' id='line_1_40' title="bbox 2246 846 2953 935; baseline -0.001 -1"><span class='ocrx_word' id='word_1_211' title='bbox 2246 846 2800 935; x_wconf 71' lang='lat' dir='ltr'><strong>AERo‘PVs.</strong></span> <span class='ocrx_word' id='word_1_212' title='bbox 2859 872 2953 934; x_wconf 83' lang='lat' dir='ltr'><strong>II.</strong></span> 
     </span>
    </p>
   </div>
   <div class='ocr_carea' id='block_1_11' title="bbox 1846 1012 3351 1501">
    <p class='ocr_par' dir='ltr' id='par_1_13' title="bbox 1846 1012 3344 1178">
     <span class='ocr_line' id='line_1_41' title="bbox 1976 1012 3344 1099; baseline 0.003 -24"><span class='ocrx_word' id='word_1_213' title='bbox 1976 1013 2181 1099; x_wconf 79' lang='lat' dir='ltr'><strong>Regis</strong></span> <span class='ocrx_word' id='word_1_214' title='bbox 2226 1015 2423 1097; x_wconf 76' lang='lat' dir='ltr'><strong>hujus</strong></span> <span class='ocrx_word' id='word_1_215' title='bbox 2461 1012 2601 1077; x_wconf 80' lang='lat' dir='ltr'><strong>bini</strong></span> <span class='ocrx_word' id='word_1_216' title='bbox 2639 1013 2907 1078; x_wconf 46' lang='lat' dir='ltr'><strong>¹&#39;haudita</strong></span> <span class='ocrx_word' id='word_1_217' title='bbox 2946 1013 3206 1098; x_wconf 79' lang='lat' dir='ltr'><strong>pridem</strong></span> <span class='ocrx_word' id='word_1_218' title='bbox 3235 1016 3344 1079; x_wconf 86' lang='lat' dir='ltr'><strong>de·</strong></span> 
     </span>
     <span class='ocr_line' id='line_1_42' title="bbox 1846 1115 3208 1178; baseline 0.004 -3"><span class='ocrx_word' id='word_1_219' title='bbox 1846 1115 2011 1177; x_wconf 70' lang='lat' dir='ltr'><strong>*tecti</strong></span> <span class='ocrx_word' id='word_1_220' title='bbox 2045 1127 2193 1178; x_wconf 85' lang='lat' dir='ltr'><strong>sunt</strong></span> <span class='ocrx_word' id='word_1_221' title='bbox 2219 1117 2431 1178; x_wconf 83' lang='lat' dir='ltr'><strong>numi:</strong></span> <span class='ocrx_word' id='word_1_222' title='bbox 3178 1130 3208 1137; x_wconf 82' lang='grc'><em>“</em></span> 
     </span>
    </p>

    <p class='ocr_par' dir='ltr' id='par_1_14' title="bbox 1847 1192 3351 1501">
     <span class='ocr_line' id='line_1_43' title="bbox 1982 1192 3351 1299; baseline 0.003 -20"><span class='ocrx_word' id='word_1_223' title='bbox 1982 1218 2200 1299; x_wconf 77' lang='lat' dir='ltr'><strong>Caput</strong></span> <span class='ocrx_word' id='word_1_224' title='bbox 2227 1217 2537 1280; x_wconf 82' lang='lat' dir='ltr'><strong>Herculis</strong></span> <span class='ocrx_word' id='word_1_225' title='bbox 2565 1192 2912 1280; x_wconf 61' lang='lat' dir='ltr'><strong>barbatuin</strong></span> <span class='ocrx_word' id='word_1_226' title='bbox 2942 1218 3157 1283; x_wconf 75' lang='lat' dir='ltr'><strong>leonis</strong></span> <span class='ocrx_word' id='word_1_227' title='bbox 3184 1236 3351 1283; x_wconf 75' lang='lat' dir='ltr'><strong>ext!-</strong></span> 
     </span>
     <span class='ocr_line' id='line_1_44' title="bbox 1848 1316 3346 1399; baseline 0.005 -23"><span class='ocrx_word' id='word_1_228' title='bbox 1848 1316 1980 1377; x_wconf 74' lang='lat' dir='ltr'><strong>viis</strong></span> <span class='ocrx_word' id='word_1_229' title='bbox 2026 1329 2292 1380; x_wconf 74' lang='lat' dir='ltr'><strong>tectum.</strong></span> <span class='ocrx_word' id='word_1_230' title='bbox 2362 1316 2411 1378; x_wconf 63' lang='grc' dir='ltr'><strong>’Σ</strong></span> <span class='ocrx_word' id='word_1_231' title='bbox 2459 1316 2726 1382; x_wconf 83' lang='grc' dir='ltr'><strong>ΑΕΡΟ.</strong></span> <span class='ocrx_word' id='word_1_232' title='bbox 2761 1320 2987 1399; x_wconf 83' lang='lat' dir='ltr'><em>Lupus</em></span> <span class='ocrx_word' id='word_1_233' title='bbox 3025 1322 3346 1383; x_wconf 81' lang='lat' dir='ltr'><strong>dimidius</strong></span> 
     </span>
     <span class='ocr_line' id='line_1_45' title="bbox 1847 1417 3345 1501; baseline 0.005 -24"><span class='ocrx_word' id='word_1_234' title='bbox 1847 1417 2114 1497; x_wconf 72' lang='lat' dir='ltr'><strong>aliquid</strong></span> <span class='ocrx_word' id='word_1_235' title='bbox 2134 1422 2479 1495; x_wconf 81' lang='lat' dir='ltr'><strong>devorans,</strong></span> <span class='ocrx_word' id='word_1_236' title='bbox 2501 1440 2784 1501; x_wconf 66' lang='lat' dir='ltr'><strong>‘superne</strong></span> <span class='ocrx_word' id='word_1_237' title='bbox 2815 1421 3028 1480; x_wconf 79' lang='lat' dir='ltr'><strong>clava.</strong></span> <span class='ocrx_word' id='word_1_238' title='bbox 3062 1420 3203 1485; x_wconf 80' lang='lat' dir='ltr'><strong>AR.</strong></span> <span class='ocrx_word' id='word_1_239' title='bbox 3230 1424 3345 1485; x_wconf 83' lang='lat'><strong>111.</strong></span> 
     </span>
    </p>
   </div>
   <div class='ocr_carea' id='block_1_12' title="bbox 1991 1518 3474 1600">
    <p class='ocr_par' dir='ltr' id='par_1_15' title="bbox 1991 1518 3474 1600">
     <span class='ocr_line' id='line_1_46' title="bbox 1991 1518 3474 1600; baseline -0.001 -20"><span class='ocrx_word' id='word_1_240' title='bbox 1991 1520 2206 1599; x_wconf 80' lang='lat' dir='ltr'><strong>Caput</strong></span> <span class='ocrx_word' id='word_1_241' title='bbox 2254 1520 2547 1598; x_wconf 72' lang='lat' dir='ltr'><strong>juvenile</strong></span> <span class='ocrx_word' id='word_1_242' title='bbox 2579 1520 2758 1600; x_wconf 81' lang='lat' dir='ltr'><strong>pileo</strong></span> <span class='ocrx_word' id='word_1_243' title='bbox 2796 1530 3060 1581; x_wconf 78' lang='lat' dir='ltr'><strong>tectum.</strong></span> <span class='ocrx_word' id='word_1_244' title='bbox 3116 1518 3163 1579; x_wconf 64' lang='grc' dir='ltr'>ἶ</span> <span class='ocrx_word' id='word_1_245' title='bbox 3192 1522 3358 1588; x_wconf 63' lang='lat' dir='ltr'><strong>AE«</strong></span> <span class='ocrx_word' id='word_1_246' title='bbox 3469 1573 3474 1578; x_wconf 89' lang='lat'><strong>.</strong></span> 
     </span>
    </p>
   </div>
   <div class='ocr_carea' id='block_1_13' title="bbox 1841 1613 3344 2008">
    <p class='ocr_par' dir='ltr' id='par_1_16' title="bbox 1852 1613 3340 1804">
     <span class='ocr_line' id='line_1_47' title="bbox 1852 1613 3153 1700; baseline 0.005 -22"><span class='ocrx_word' id='word_1_247' title='bbox 1852 1613 2128 1685; x_wconf 82' lang='lat' dir='ltr'><strong>POHO.</strong></span> <span class='ocrx_word' id='word_1_248' title='bbox 2162 1621 2394 1700; x_wconf 78' lang='lat' dir='ltr'><strong>Equus</strong></span> <span class='ocrx_word' id='word_1_249' title='bbox 2417 1621 2821 1682; x_wconf 69' lang='lat' dir='ltr'><strong>subs-altatis.</strong></span> <span class='ocrx_word' id='word_1_250' title='bbox 2864 1619 3005 1684; x_wconf 89' lang='lat' dir='ltr'><strong>AE.</strong></span> <span class='ocrx_word' id='word_1_251' title='bbox 3041 1623 3153 1685; x_wconf 83' lang='lat'><strong>111.</strong></span> 
     </span>
     <span class='ocr_line' id='line_1_48' title="bbox 1979 1718 3340 1804; baseline 0.005 -25"><span class='ocrx_word' id='word_1_252' title='bbox 1979 1720 2228 1782; x_wconf 81' lang='lat' dir='ltr'><strong>Numus</strong></span> <span class='ocrx_word' id='word_1_253' title='bbox 2275 1723 2460 1804; x_wconf 85' lang='lat' dir='ltr'><strong>prior</strong></span> <span class='ocrx_word' id='word_1_254' title='bbox 2512 1735 2808 1785; x_wconf 80' lang='lat' dir='ltr'><strong>servatur</strong></span> <span class='ocrx_word' id='word_1_255' title='bbox 2858 1718 2924 1780; x_wconf 91' lang='lat' dir='ltr'><strong>in</strong></span> <span class='ocrx_word' id='word_1_256' title='bbox 2975 1739 3203 1784; x_wconf 81' lang='lat' dir='ltr'><strong>museo</strong></span> <span class='ocrx_word' id='word_1_257' title='bbox 3248 1726 3340 1787; x_wconf 81' lang='lat' dir='ltr'><strong>M.</strong></span> 
     </span>
    </p>

    <p class='ocr_par' dir='ltr' id='par_1_17' title="bbox 1853 1810 3342 1906">
     <span class='ocr_line' id='line_1_49' title="bbox 1853 1810 3342 1906; baseline 0.003 -25"><span class='ocrx_word' id='word_1_258' title='bbox 1853 1819 2077 1883; x_wconf 86' lang='lat' dir='ltr'><strong>Duois.</strong></span> <span class='ocrx_word' id='word_1_259' title='bbox 2152 1822 2317 1883; x_wconf 89' lang='lat' dir='ltr'><strong>Cum</strong></span> <span class='ocrx_word' id='word_1_260' title='bbox 2348 1820 2511 1883; x_wconf 90' lang='lat' dir='ltr'><strong>illud</strong></span> <span class='ocrx_word' id='word_1_261' title='bbox 2554 1835 2701 1885; x_wconf 86' lang='lat' dir='ltr'><strong>ante</strong></span> <span class='ocrx_word' id='word_1_262' title='bbox 2733 1843 2934 1884; x_wconf 80' lang='lat' dir='ltr'><strong>annos</strong></span> <span class='ocrx_word' id='word_1_263' title='bbox 2967 1810 3110 1885; x_wconf 75' lang='lat' dir='ltr'><strong>eom</strong></span> <span class='ocrx_word' id='word_1_264' title='bbox 3117 1823 3342 1906; x_wconf 85' lang='lat' dir='ltr'><strong>plures</strong></span> 
     </span>
    </p>

    <p class='ocr_par' dir='ltr' id='par_1_18' title="bbox 1841 1914 3344 2008">
     <span class='ocr_line' id='line_1_50' title="bbox 1841 1914 3344 2008; baseline 0.005 -27"><span class='ocrx_word' id='word_1_265' title='bbox 1841 1920 1921 1981; x_wconf 77' lang='lat' dir='ltr'><strong>in</strong></span> <span class='ocrx_word' id='word_1_266' title='bbox 1962 1920 2269 1984; x_wconf 80' lang='lat' dir='ltr'><strong>ordinem</strong></span> <span class='ocrx_word' id='word_1_267' title='bbox 2305 1914 2677 2008; x_wconf 83' lang='lat' dir='ltr'><strong>redigerem</strong></span> <span class='ocrx_word' id='word_1_268' title='bbox 2699 1967 2717 1997; x_wconf 91' lang='lat'>‚</span> <span class='ocrx_word' id='word_1_269' title='bbox 2770 1923 3026 2008; x_wconf 78' lang='lat' dir='ltr'><strong>illustre</strong></span> <span class='ocrx_word' id='word_1_270' title='bbox 3065 1926 3194 1988; x_wconf 86' lang='lat' dir='ltr'><strong>hoc</strong></span> <span class='ocrx_word' id='word_1_271' title='bbox 3228 1929 3344 1988; x_wconf 65' lang='lat' dir='ltr'><strong>nu:-</strong></span> 
     </span>
    </p>
   </div>
   <div class='ocr_carea' id='block_1_14' title="bbox 1851 2024 3466 2108">
    <p class='ocr_par' dir='ltr' id='par_1_19' title="bbox 1851 2024 3466 2108">
     <span class='ocr_line' id='line_1_51' title="bbox 1851 2024 3466 2108; baseline 0.004 -24"><span class='ocrx_word' id='word_1_272' title='bbox 1851 2024 2077 2086; x_wconf 86' lang='lat' dir='ltr'><strong>misma</strong></span> <span class='ocrx_word' id='word_1_273' title='bbox 2133 2039 2408 2108; x_wconf 84' lang='lat' dir='ltr'><strong>propter</strong></span> <span class='ocrx_word' id='word_1_274' title='bbox 2465 2024 2827 2106; x_wconf 79' lang='lat' dir='ltr'><strong>scripturae</strong></span> <span class='ocrx_word' id='word_1_275' title='bbox 2884 2027 3341 2108; x_wconf 81' lang='lat' dir='ltr'><strong>parsimoniam</strong></span> <span class='ocrx_word' id='word_1_276' title='bbox 3461 2098 3466 2101; x_wconf 53' lang='grc'><strong>,</strong></span> 
     </span>
    </p>
   </div>
   <div class='ocr_carea' id='block_1_15' title="bbox 1836 2125 3345 3731">
    <p class='ocr_par' dir='ltr' id='par_1_20' title="bbox 1836 2125 3345 3731">
     <span class='ocr_line' id='line_1_52' title="bbox 1847 2125 3339 2208; baseline 0.003 -22"><span class='ocrx_word' id='word_1_277' title='bbox 1847 2125 2010 2186; x_wconf 78' lang='lat' dir='ltr'><strong>mihi</strong></span> <span class='ocrx_word' id='word_1_278' title='bbox 2076 2126 2374 2208; x_wconf 75' lang='lat' dir='ltr'><strong>ignotum</strong></span> <span class='ocrx_word' id='word_1_279' title='bbox 2427 2127 2494 2187; x_wconf 87' lang='lat' dir='ltr'><strong>in</strong></span> <span class='ocrx_word' id='word_1_280' title='bbox 2549 2127 2951 2188; x_wconf 86' lang='lat' dir='ltr'><strong>incertorum</strong></span> <span class='ocrx_word' id='word_1_281' title='bbox 2994 2128 3339 2191; x_wconf 83' lang='lat' dir='ltr'><strong>stationem</strong></span> 
     </span>
     <span class='ocr_line' id='line_1_53' title="bbox 1845 2225 3337 2313; baseline 0.002 -23"><span class='ocrx_word' id='word_1_282' title='bbox 1845 2225 2133 2310; x_wconf 84' lang='lat' dir='ltr'><strong>reposui.</strong></span> <span class='ocrx_word' id='word_1_283' title='bbox 2189 2229 2278 2288; x_wconf 85' lang='lat' dir='ltr'><strong>At</strong></span> <span class='ocrx_word' id='word_1_284' title='bbox 2322 2249 2472 2305; x_wconf 83' lang='lat' dir='ltr'><strong>eum</strong></span> <span class='ocrx_word' id='word_1_285' title='bbox 2508 2227 2591 2291; x_wconf 87' lang='lat' dir='ltr'><strong>cl.</strong></span> <span class='ocrx_word' id='word_1_286' title='bbox 2625 2228 2842 2290; x_wconf 79' lang='lat' dir='ltr'><strong>Abbas</strong></span> <span class='ocrx_word' id='word_1_287' title='bbox 2877 2230 3170 2291; x_wconf 87' lang='lat' dir='ltr'><strong>Sestinus</strong></span> <span class='ocrx_word' id='word_1_288' title='bbox 3210 2250 3337 2313; x_wconf 89' lang='lat' dir='ltr'><strong>ope</strong></span> 
     </span>
     <span class='ocr_line' id='line_1_54' title="bbox 1846 2327 3345 2415; baseline 0.003 -25"><span class='ocrx_word' id='word_1_289' title='bbox 1846 2327 2114 2391; x_wconf 87' lang='lat' dir='ltr'><strong>alterius</strong></span> <span class='ocrx_word' id='word_1_290' title='bbox 2133 2330 2328 2403; x_wconf 85' lang='lat' dir='ltr'><strong>numi,</strong></span> <span class='ocrx_word' id='word_1_291' title='bbox 2364 2328 2967 2413; x_wconf 80' lang='lat' dir='ltr'><strong>quiporrectiorem</strong></span> <span class='ocrx_word' id='word_1_292' title='bbox 2988 2329 3182 2393; x_wconf 85' lang='lat' dir='ltr'><strong>habet</strong></span> <span class='ocrx_word' id='word_1_293' title='bbox 3206 2332 3345 2415; x_wconf 80' lang='lat' dir='ltr'><strong>epi·</strong></span> 
     </span>
     <span class='ocr_line' id='line_1_55' title="bbox 1850 2428 3335 2514; baseline 0.005 -26"><span class='ocrx_word' id='word_1_294' title='bbox 1850 2428 2179 2513; x_wconf 77' lang='lat' dir='ltr'><strong>graphen,</strong></span> <span class='ocrx_word' id='word_1_295' title='bbox 2216 2430 2502 2492; x_wconf 82' lang='lat' dir='ltr'><strong>feliciter</strong></span> <span class='ocrx_word' id='word_1_296' title='bbox 2531 2430 2916 2512; x_wconf 80' lang='lat' dir='ltr'><strong>explicavit,</strong></span> <span class='ocrx_word' id='word_1_297' title='bbox 2951 2431 3335 2514; x_wconf 84' lang='lat' dir='ltr'><strong>docuitque,</strong></span> 
     </span>
     <span class='ocr_line' id='line_1_56' title="bbox 1846 2530 3342 2614; baseline 0.003 -23"><span class='ocrx_word' id='word_1_298' title='bbox 1846 2543 2194 2614; x_wconf 83' lang='lat' dir='ltr'><strong>utrumque</strong></span> <span class='ocrx_word' id='word_1_299' title='bbox 2255 2530 2673 2594; x_wconf 71' lang='lat' dir='ltr'><strong>tribuendum</strong></span> <span class='ocrx_word' id='word_1_300' title='bbox 2721 2532 2989 2614; x_wconf 81' lang='lat' dir='ltr'><strong>Aeropo</strong></span> <span class='ocrx_word' id='word_1_301' title='bbox 3036 2534 3342 2596; x_wconf 84' lang='lat' dir='ltr'><strong>Macedo-</strong></span> 
     </span>
     <span class='ocr_line' id='line_1_57' title="bbox 1847 2631 3338 2716; baseline 0.004 -24"><span class='ocrx_word' id='word_1_302' title='bbox 1847 2631 1992 2693; x_wconf 85' lang='lat' dir='ltr'><strong>niae</strong></span> <span class='ocrx_word' id='word_1_303' title='bbox 2036 2632 2204 2716; x_wconf 81' lang='lat' dir='ltr'><strong>regi.</strong></span> <span class='ocrx_word' id='word_1_304' title='bbox 2274 2634 2468 2696; x_wconf 86' lang='lat' dir='ltr'><strong>Alter</strong></span> <span class='ocrx_word' id='word_1_305' title='bbox 2518 2654 2763 2696; x_wconf 86' lang='lat' dir='ltr'><strong>aeneus</strong></span> <span class='ocrx_word' id='word_1_306' title='bbox 2809 2633 2894 2696; x_wconf 77' lang='lat' dir='ltr'><strong>‘ab</strong></span> <span class='ocrx_word' id='word_1_307' title='bbox 2945 2634 3338 2698; x_wconf 88' lang='lat' dir='ltr'><strong>amicissimo</strong></span> 
     </span>
     <span class='ocr_line' id='line_1_58' title="bbox 1848 2733 3337 2814; baseline 0.004 -19"><span class='ocrx_word' id='word_1_308' title='bbox 1848 2733 2008 2795; x_wconf 86' lang='lat' dir='ltr'><strong>mihi</strong></span> <span class='ocrx_word' id='word_1_309' title='bbox 2061 2734 2465 2814; x_wconf 76' lang='lat' dir='ltr'><strong>Cousineryo</strong></span> <span class='ocrx_word' id='word_1_310' title='bbox 2521 2735 2679 2797; x_wconf 86' lang='lat' dir='ltr'><strong>olim</strong></span> <span class='ocrx_word' id='word_1_311' title='bbox 2726 2735 3003 2799; x_wconf 84' lang='lat' dir='ltr'><strong>nationis</strong></span> <span class='ocrx_word' id='word_1_312' title='bbox 3044 2737 3337 2801; x_wconf 86' lang='lat' dir='ltr'><strong>Gallicae</strong></span> 
     </span>
     <span class='ocr_line' id='line_1_59' title="bbox 1846 2830 3340 2923; baseline 0.001 -23"><span class='ocrx_word' id='word_1_313' title='bbox 1846 2837 2018 2920; x_wconf 86' lang='lat' dir='ltr'><strong>apud</strong></span> <span class='ocrx_word' id='word_1_314' title='bbox 2070 2837 2604 2900; x_wconf 81' lang='lat' dir='ltr'><strong>Thessalonicam</strong></span> <span class='ocrx_word' id='word_1_315' title='bbox 2650 2830 3077 2920; x_wconf 66' lang='lat' dir='ltr'><strong>procuratore</strong></span> <span class='ocrx_word' id='word_1_316' title='bbox 3112 2860 3340 2923; x_wconf 87' lang='lat' dir='ltr'><strong>reper-</strong></span> 
     </span>
     <span class='ocr_line' id='line_1_60' title="bbox 1838 2941 3337 3023; baseline 0.003 -24"><span class='ocrx_word' id='word_1_317' title='bbox 1838 2951 1945 2999; x_wconf 83' lang='lat' dir='ltr'><strong>tus</strong></span> <span class='ocrx_word' id='word_1_318' title='bbox 1995 2951 2096 3000; x_wconf 81' lang='lat' dir='ltr'><strong>est</strong></span> <span class='ocrx_word' id='word_1_319' title='bbox 2156 2961 2366 3022; x_wconf 83' lang='lat' dir='ltr'><strong>prope</strong></span> <span class='ocrx_word' id='word_1_320' title='bbox 2427 2941 2851 3023; x_wconf 87' lang='lat' dir='ltr'><strong>Amphipolin</strong></span> <span class='ocrx_word' id='word_1_321' title='bbox 2909 2941 3337 3004; x_wconf 78' lang='lat' dir='ltr'><strong>Macedoniae</strong></span> 
     </span>
     <span class='ocr_line' id='line_1_61' title="bbox 1836 3026 3338 3125; baseline 0.003 -24"><span class='ocrx_word' id='word_1_322' title='bbox 1836 3040 2095 3102; x_wconf 79' lang='lat' dir='ltr'><strong>urbem.</strong></span> <span class='ocrx_word' id='word_1_323' title='bbox 2142 3041 2322 3100; x_wconf 88' lang='lat' dir='ltr'><strong>Haec</strong></span> <span class='ocrx_word' id='word_1_324' title='bbox 2367 3060 2448 3101; x_wconf 85' lang='lat' dir='ltr'><strong>ex</strong></span> <span class='ocrx_word' id='word_1_325' title='bbox 2487 3041 2688 3125; x_wconf 88' lang='lat' dir='ltr'><strong>ipsius</strong></span> <span class='ocrx_word' id='word_1_326' title='bbox 2734 3043 2973 3103; x_wconf 90' lang='lat' dir='ltr'><strong>Sestini</strong></span> <span class='ocrx_word' id='word_1_327' title='bbox 3011 3026 3338 3105; x_wconf 71' lang='lat' dir='ltr'><strong>coinmen·</strong></span> 
     </span>
     <span class='ocr_line' id='line_1_62' title="bbox 1841 3138 3297 3225; baseline 0.003 -27"><span class='ocrx_word' id='word_1_328' title='bbox 1841 3138 2020 3201; x_wconf 90' lang='lat' dir='ltr'><strong>tariis</strong></span> <span class='ocrx_word' id='word_1_329' title='bbox 2066 3139 2313 3220; x_wconf 88' lang='lat' dir='ltr'><strong>accepi.</strong></span> <span class='ocrx_word' id='word_1_330' title='bbox 2348 3141 2650 3219; x_wconf 87' lang='lat' dir='ltr'><strong>(Lettere</strong></span> <span class='ocrx_word' id='word_1_331' title='bbox 2693 3144 2879 3203; x_wconf 88' lang='lat' dir='ltr'><strong>Tom.</strong></span> <span class='ocrx_word' id='word_1_332' title='bbox 2904 3145 2985 3208; x_wconf 91' lang='lat' dir='ltr'><strong>V.</strong></span> <span class='ocrx_word' id='word_1_333' title='bbox 3022 3166 3085 3225; x_wconf 87' lang='lat' dir='ltr'><strong>p.</strong></span> <span class='ocrx_word' id='word_1_334' title='bbox 3121 3146 3297 3225; x_wconf 87' lang='lat' dir='ltr'><strong>VII.)</strong></span> 
     </span>
     <span class='ocr_line' id='line_1_63' title="bbox 1974 3238 3339 3326; baseline 0.004 -26"><span class='ocrx_word' id='word_1_335' title='bbox 1974 3238 2342 3323; x_wconf 84' lang='lat' dir='ltr'><strong>Antequam</strong></span> <span class='ocrx_word' id='word_1_336' title='bbox 2412 3240 2688 3304; x_wconf 84' lang='lat' dir='ltr'><strong>definire</strong></span> <span class='ocrx_word' id='word_1_337' title='bbox 2755 3243 3144 3326; x_wconf 83' lang='lat' dir='ltr'><strong>aggredior,</strong></span> <span class='ocrx_word' id='word_1_338' title='bbox 3231 3246 3339 3308; x_wconf 83' lang='lat' dir='ltr'><strong>cui</strong></span> 
     </span>
     <span class='ocr_line' id='line_1_64' title="bbox 1846 3340 3336 3424; baseline 0.006 -24"><span class='ocrx_word' id='word_1_339' title='bbox 1846 3340 2150 3423; x_wconf 87' lang='lat' dir='ltr'><strong>Aeropo,</strong></span> <span class='ocrx_word' id='word_1_340' title='bbox 2199 3363 2346 3403; x_wconf 85' lang='lat' dir='ltr'><strong>nam</strong></span> <span class='ocrx_word' id='word_1_341' title='bbox 2376 3343 2600 3424; x_wconf 81' lang='lat' dir='ltr'><strong>plures</strong></span> <span class='ocrx_word' id='word_1_342' title='bbox 2630 3343 2697 3404; x_wconf 89' lang='lat' dir='ltr'><strong>in</strong></span> <span class='ocrx_word' id='word_1_343' title='bbox 2729 3344 3112 3409; x_wconf 87' lang='lat' dir='ltr'><strong>Macedonia</strong></span> <span class='ocrx_word' id='word_1_344' title='bbox 3144 3346 3336 3409; x_wconf 83' lang='lat' dir='ltr'><strong>fuere</strong></span> 
     </span>
     <span class='ocr_line' id='line_1_65' title="bbox 1844 3443 3340 3528; baseline 0.003 -23"><span class='ocrx_word' id='word_1_345' title='bbox 1844 3443 1971 3505; x_wconf 82' lang='lat' dir='ltr'><strong>hoc</strong></span> <span class='ocrx_word' id='word_1_346' title='bbox 2019 3443 2282 3505; x_wconf 90' lang='lat' dir='ltr'><strong>nomine</strong></span> <span class='ocrx_word' id='word_1_347' title='bbox 2326 3465 2559 3528; x_wconf 82' lang='lat' dir='ltr'><strong>reges,</strong></span> <span class='ocrx_word' id='word_1_348' title='bbox 2609 3443 2730 3506; x_wconf 90' lang='lat' dir='ltr'><strong>hos</strong></span> <span class='ocrx_word' id='word_1_349' title='bbox 2776 3466 3007 3509; x_wconf 83' lang='lat' dir='ltr'><strong>numos</strong></span> <span class='ocrx_word' id='word_1_350' title='bbox 3049 3447 3340 3511; x_wconf 86' lang='lat' dir='ltr'><strong>triuhen-</strong></span> 
     </span>
     <span class='ocr_line' id='line_1_66' title="bbox 1847 3531 3337 3633; baseline 0.005 -28"><span class='ocrx_word' id='word_1_351' title='bbox 1847 3543 1966 3606; x_wconf 89' lang='lat' dir='ltr'><strong>dos</strong></span> <span class='ocrx_word' id='word_1_352' title='bbox 1998 3531 2393 3622; x_wconf 84' lang='lat' dir='ltr'><strong>existimem,</strong></span> <span class='ocrx_word' id='word_1_353' title='bbox 2424 3566 2696 3608; x_wconf 86' lang='lat' dir='ltr'><strong>necesse</strong></span> <span class='ocrx_word' id='word_1_354' title='bbox 2726 3559 2905 3631; x_wconf 90' lang='lat' dir='ltr'><strong>puto,</strong></span> <span class='ocrx_word' id='word_1_355' title='bbox 2939 3569 3158 3613; x_wconf 83' lang='lat' dir='ltr'><strong>veram</strong></span> <span class='ocrx_word' id='word_1_356' title='bbox 3196 3551 3337 3633; x_wconf 88' lang='lat' dir='ltr'><strong>ejus</strong></span> 
     </span>
     <span class='ocr_line' id='line_1_67' title="bbox 1844 3647 3337 3731; baseline 0.005 -24"><span class='ocrx_word' id='word_1_357' title='bbox 1844 3647 2125 3709; x_wconf 87' lang='lat' dir='ltr'><strong>nominis</strong></span> <span class='ocrx_word' id='word_1_358' title='bbox 2218 3649 2746 3731; x_wconf 83' lang='lat' dir='ltr'><strong>orthographiam</strong></span> <span class='ocrx_word' id='word_1_359' title='bbox 2838 3651 3164 3728; x_wconf 85' lang='lat' dir='ltr'><strong>stabilire,</strong></span> <span class='ocrx_word' id='word_1_360' title='bbox 3266 3666 3337 3715; x_wconf 86' lang='lat' dir='ltr'><strong>et</strong></span> 
     </span>
    </p>
   </div>
   <div class='ocr_carea' id='block_1_16' title="bbox 1832 3749 3333 3833">
    <p class='ocr_par' dir='ltr' id='par_1_21' title="bbox 1832 3749 3333 3833">
     <span class='ocr_line' id='line_1_68' title="bbox 1832 3749 3333 3833; baseline 0.005 -23"><span class='ocrx_word' id='word_1_361' title='bbox 1832 3763 2122 3833; x_wconf 75' lang='lat' dir='ltr'><strong>utroque</strong></span> <span class='ocrx_word' id='word_1_362' title='bbox 2153 3749 2280 3814; x_wconf 89' lang='lat' dir='ltr'><strong>hoc</strong></span> <span class='ocrx_word' id='word_1_363' title='bbox 2312 3771 2510 3813; x_wconf 87' lang='lat' dir='ltr'><strong>numo</strong></span> <span class='ocrx_word' id='word_1_364' title='bbox 2545 3751 2954 3815; x_wconf 81' lang='lat' dir='ltr'><strong>confirmare.</strong></span> <span class='ocrx_word' id='word_1_365' title='bbox 3004 3753 3333 3817; x_wconf 83' lang='lat' dir='ltr'><strong>Auctores</strong></span> 
     </span>
    </p>
   </div>
   <div class='ocr_carea' id='block_1_17' title="bbox 1834 3852 3337 4646">
    <p class='ocr_par' dir='ltr' id='par_1_22' title="bbox 1834 3852 3337 4646">
     <span class='ocr_line' id='line_1_69' title="bbox 1841 3852 3337 3940; baseline 0.001 -26"><span class='ocrx_word' id='word_1_366' title='bbox 1841 3852 2116 3929; x_wconf 87' lang='lat' dir='ltr'><strong>Graeci,</strong></span> <span class='ocrx_word' id='word_1_367' title='bbox 2163 3852 2543 3940; x_wconf 38' lang='lat' dir='ltr'><strong>qui-regum</strong></span> <span class='ocrx_word' id='word_1_368' title='bbox 2566 3900 2581 3930; x_wconf 93' lang='lat'>‚</span> <span class='ocrx_word' id='word_1_369' title='bbox 2618 3854 2848 3937; x_wconf 88' lang='lat' dir='ltr'><strong>quibus</strong></span> <span class='ocrx_word' id='word_1_370' title='bbox 2881 3854 3054 3916; x_wconf 87' lang='lat' dir='ltr'><strong>istud</strong></span> <span class='ocrx_word' id='word_1_371' title='bbox 3091 3875 3337 3917; x_wconf 86' lang='lat' dir='ltr'><strong>nomen</strong></span> 
     </span>
     <span class='ocr_line' id='line_1_70' title="bbox 1837 3952 3333 4035; baseline 0.005 -21"><span class='ocrx_word' id='word_1_372' title='bbox 1837 3952 1994 4030; x_wconf 80' lang='lat' dir='ltr'><strong>fuit,</strong></span> <span class='ocrx_word' id='word_1_373' title='bbox 2038 3954 2399 4016; x_wconf 86' lang='lat' dir='ltr'><strong>meminere</strong></span> <span class='ocrx_word' id='word_1_374' title='bbox 2423 4001 2439 4030; x_wconf 92' lang='lat'><strong>‚</strong></span> <span class='ocrx_word' id='word_1_375' title='bbox 2485 3956 2895 4032; x_wconf 86' lang='lat' dir='ltr'><strong>Herodotus,</strong></span> <span class='ocrx_word' id='word_1_376' title='bbox 2944 3958 3052 4035; x_wconf 89' lang='lat' dir='ltr'><strong>(L.</strong></span> <span class='ocrx_word' id='word_1_377' title='bbox 3076 3959 3246 4026; x_wconf 84' lang='lat' dir='ltr'><strong>Vm.</strong></span> <span class='ocrx_word' id='word_1_378' title='bbox 3272 3979 3333 4021; x_wconf 86' lang='lat' dir='ltr'><strong>c.</strong></span> 
     </span>
     <span class='ocr_line' id='line_1_71' title="bbox 1846 4043 3333 4141; baseline 0.005 -25"><span class='ocrx_word' id='word_1_379' title='bbox 1846 4056 2021 4138; x_wconf 71' lang='lat'><strong>139.)</strong></span> <span class='ocrx_word' id='word_1_380' title='bbox 2052 4057 2385 4120; x_wconf 86' lang='lat' dir='ltr'><strong>Diodorus</strong></span> <span class='ocrx_word' id='word_1_381' title='bbox 2422 4043 2698 4132; x_wconf 62' lang='lat' dir='ltr'><strong>Siculus}</strong></span> <span class='ocrx_word' id='word_1_382' title='bbox 2757 4059 2868 4137; x_wconf 80' lang='lat' dir='ltr'><strong>(L.</strong></span> <span class='ocrx_word' id='word_1_383' title='bbox 2903 4059 3077 4125; x_wconf 81' lang='lat' dir='ltr'><strong>XIV.</strong></span> <span class='ocrx_word' id='word_1_384' title='bbox 3103 4079 3158 4123; x_wconf 84' lang='lat' dir='ltr'><strong>c.</strong></span> <span class='ocrx_word' id='word_1_385' title='bbox 3196 4061 3333 4141; x_wconf 86' lang='lat'><strong>37.)</strong></span> 
     </span>
     <span class='ocr_line' id='line_1_72' title="bbox 1834 4156 3334 4243; baseline 0.003 -26"><span class='ocrx_word' id='word_1_386' title='bbox 1834 4158 2224 4239; x_wconf 67' lang='lat' dir='ltr'><strong>Polyaenum,</strong></span> <span class='ocrx_word' id='word_1_387' title='bbox 2278 4156 2585 4243; x_wconf 64' lang='lat' dir='ltr'><strong>(Stratag‘.</strong></span> <span class='ocrx_word' id='word_1_388' title='bbox 2606 4161 2683 4224; x_wconf 93' lang='lat' dir='ltr'><strong>L.</strong></span> <span class='ocrx_word' id='word_1_389' title='bbox 2702 4161 2779 4220; x_wconf 74' lang='lat'><strong>11:</strong></span> <span class='ocrx_word' id='word_1_390' title='bbox 2817 4180 2873 4222; x_wconf 86' lang='lat' dir='ltr'><strong>c.</strong></span> <span class='ocrx_word' id='word_1_391' title='bbox 2904 4161 3030 4239; x_wconf 89' lang='lat'><strong>¹7·)</strong></span> <span class='ocrx_word' id='word_1_392' title='bbox 3065 4173 3143 4222; x_wconf 80' lang='lat' dir='ltr'><strong>et</strong></span> <span class='ocrx_word' id='word_1_393' title='bbox 3177 4161 3334 4222; x_wconf 83' lang='lat' dir='ltr'><strong>Plu-</strong></span> 
     </span>
     <span class='ocr_line' id='line_1_73' title="bbox 1834 4261 3334 4344; baseline 0.001 -23"><span class='ocrx_word' id='word_1_394' title='bbox 1834 4261 2095 4323; x_wconf 86' lang='lat' dir='ltr'><strong>tarchus</strong></span> <span class='ocrx_word' id='word_1_395' title='bbox 2146 4262 2242 4342; x_wconf 85' lang='lat' dir='ltr'><strong>(in</strong></span> <span class='ocrx_word' id='word_1_396' title='bbox 2283 4262 2629 4324; x_wconf 85' lang='lat' dir='ltr'><strong>Demetrio</strong></span> <span class='ocrx_word' id='word_1_397' title='bbox 2669 4282 2732 4342; x_wconf 87' lang='lat' dir='ltr'><strong>p.</strong></span> <span class='ocrx_word' id='word_1_398' title='bbox 2760 4281 2845 4322; x_wconf 89' lang='lat' dir='ltr'><strong>m.</strong></span> <span class='ocrx_word' id='word_1_399' title='bbox 2879 4262 3057 4344; x_wconf 83' lang='lat'><strong>897.)</strong></span> <span class='ocrx_word' id='word_1_400' title='bbox 3113 4263 3334 4324; x_wconf 86' lang='lat' dir='ltr'><strong>unani-</strong></span> 
     </span>
     <span class='ocr_line' id='line_1_74' title="bbox 1837 4362 3333 4448; baseline 0.002 -24"><span class='ocrx_word' id='word_1_401' title='bbox 1837 4362 1928 4424; x_wconf 88' lang='lat' dir='ltr'><strong>mi</strong></span> <span class='ocrx_word' id='word_1_402' title='bbox 1978 4380 2315 4424; x_wconf 63' lang='lat' dir='ltr'><strong>‘censensu</strong></span> <span class='ocrx_word' id='word_1_403' title='bbox 2364 4364 2691 4445; x_wconf 82' lang='lat' dir='ltr'><strong>scripsere</strong></span> <span class='ocrx_word' id='word_1_404' title='bbox 2731 4362 3035 4440; x_wconf 73' lang='grc' dir='ltr'><strong>Αεροπος,</strong></span> <span class='ocrx_word' id='word_1_405' title='bbox 3093 4365 3333 4448; x_wconf 82' lang='lat' dir='ltr'><strong>quibus</strong></span> 
     </span>
     <span class='ocr_line' id='line_1_75' title="bbox 1839 4462 3337 4549; baseline 0.003 -25"><span class='ocrx_word' id='word_1_406' title='bbox 1839 4462 1993 4536; x_wconf 77' lang='lat' dir='ltr'><strong>addi</strong></span> <span class='ocrx_word' id='word_1_407' title='bbox 2049 4476 2267 4547; x_wconf 88' lang='lat' dir='ltr'><strong>potest</strong></span> <span class='ocrx_word' id='word_1_408' title='bbox 2322 4463 2483 4542; x_wconf 79' lang='lat' dir='ltr'><strong>alius</strong></span> <span class='ocrx_word' id='word_1_409' title='bbox 2548 4463 2863 4549; x_wconf 83' lang='lat' dir='ltr'><strong>quispiam</strong></span> <span class='ocrx_word' id='word_1_410' title='bbox 2907 4465 3180 4543; x_wconf 72' lang='grc' dir='ltr'><strong><em>Αεροπος</em></strong></span> <span class='ocrx_word' id='word_1_411' title='bbox 3241 4467 3337 4530; x_wconf 88' lang='lat' dir='ltr'><strong>fa-</strong></span> 
     </span>
     <span class='ocr_line' id='line_1_76' title="bbox 1839 4563 3334 4646; baseline 0.003 -22"><span class='ocrx_word' id='word_1_412' title='bbox 1839 4563 2108 4626; x_wconf 83' lang='lat' dir='ltr'><strong>miliaris</strong></span> <span class='ocrx_word' id='word_1_413' title='bbox 2159 4565 2399 4646; x_wconf 78' lang='lat' dir='ltr'><strong>Pyrrhi</strong></span> <span class='ocrx_word' id='word_1_414' title='bbox 2454 4566 2746 4629; x_wconf 83' lang='lat' dir='ltr'><strong>laudatus</strong></span> <span class='ocrx_word' id='word_1_415' title='bbox 2795 4567 3170 4630; x_wconf 87' lang='lat' dir='ltr'><strong>Plutarcho.</strong></span> <span class='ocrx_word' id='word_1_416' title='bbox 3233 4569 3334 4646; x_wconf 88' lang='lat' dir='ltr'><strong>(in</strong></span> 
     </span>
    </p>
   </div>
   <div class='ocr_carea' id='block_1_18' title="bbox 1837 4666 3341 4752">
    <p class='ocr_par' dir='ltr' id='par_1_23' title="bbox 1837 4666 3341 4752">
     <span class='ocr_line' id='line_1_77' title="bbox 1837 4666 3341 4752; baseline 0.004 -25"><span class='ocrx_word' id='word_1_417' title='bbox 1837 4666 2096 4750; x_wconf 67' lang='lat' dir='ltr'><strong>Pyrrho</strong></span> <span class='ocrx_word' id='word_1_418' title='bbox 2128 4688 2190 4752; x_wconf 89' lang='lat' dir='ltr'><strong>p.</strong></span> <span class='ocrx_word' id='word_1_419' title='bbox 2226 4687 2310 4730; x_wconf 91' lang='lat' dir='ltr'><strong>m.</strong></span> <span class='ocrx_word' id='word_1_420' title='bbox 2341 4666 2524 4750; x_wconf 81' lang='lat'><strong>387.)</strong></span> <span class='ocrx_word' id='word_1_421' title='bbox 2573 4669 2660 4731; x_wconf 89' lang='lat' dir='ltr'><strong>At</strong></span> <span class='ocrx_word' id='word_1_422' title='bbox 2691 4670 2980 4733; x_wconf 87' lang='lat' dir='ltr'><strong>Eusebio</strong></span> <span class='ocrx_word' id='word_1_423' title='bbox 3027 4669 3095 4730; x_wconf 91' lang='lat' dir='ltr'><strong>hi</strong></span> <span class='ocrx_word' id='word_1_424' title='bbox 3124 4671 3341 4733; x_wconf 83' lang='lat' dir='ltr'><strong>Mace·</strong></span> 
     </span>
    </p>
   </div>
  </div>
 </body>
</html>
