4388 5576
1017 479 1120 551 δι,
1434 528 1451 539 ,
1753 452 2418 531 THEODORA
2503 453 3268 559 coNSTANTH·
3337 458 3395 530 1.

1018 644 1278 727 vignam
1320 608 1740 703 Theodoram
1780 637 2034 719 intulit,
2080 661 2274 725 quam
2317 610 2523 702 Maxi·

1018 746 1271 809 mianus
1313 743 1423 805 hic
1473 741 1554 809 V.
1604 742 1674 803 C.
1718 744 1878 817 1045
1934 742 2011 805 P.
2062 746 2146 807 X.
2189 760 2314 827 292
2354 744 2522 808 Con-

1020 847 1255 911 stantio
1294 845 1544 909 Chloro
1581 858 1805 908 creato
1841 844 1921 907 ab
1959 865 2030 908 se
2069 844 2355 918 Caesari,
2391 844 2523 927 pri·

1020 970 1140 1014 ore
1172 965 1380 1011 uxore
1411 946 1667 1008 Helena
1695 947 2030 1030 repudiari
2064 947 2275 1030 jussa,
2316 945 2523 1008 collo·

968 1113 977 1121 ,
1024 1050 1228 1126 cavit,
1274 1061 1347 1110 ut
1377 1068 1551 1114 novo
1585 1048 1715 1112 hoc
1750 1048 2009 1111 vinculo
2046 1067 2199 1110 eum
2234 1047 2359 1111 sibi
2397 1069 2523 1111 ma-

1023 1154 1126 1237 gis
1176 1149 1645 1232 obstringeret.
1707 1151 1989 1236 Reliqua
2042 1150 2183 1233 ejus
2235 1149 2520 1213 feminae

1020 1254 1285 1318 fortuna
1319 1253 1678 1338 ignoratur.
1722 1250 1828 1315 Ex
1860 1274 1949 1315 ea·
1972 1252 2106 1314 nati
2140 1252 2520 1317 Constantio

1022 1355 1146 1419 filii
1191 1371 1357 1433 tres,
1402 1353 1911 1440 filiaetotidem.

1151 1458 1338 1521 Filii:
1404 1458 1661 1519 Horum
1720 1458 1982 1520 nomina
2039 1457 2118 1520 ab
2167 1459 2312 1522 aliis
2371 1480 2522 1544 pro·

1026 1560 1270 1624 duntur
1310 1563 1676 1623 Dalmatius
1695 1605 1714 1637 ,
1776 1564 2217 1637 Constantius,
2273 1565 2523 1625 Hauni-

968 1664 975 1671 ’
1025 1668 1384 1740 ballianus,
1420 1660 1498 1723 ab
1534 1655 1710 1724 aliis‘:
1753 1666 2237 1738 Constantinus,
2271 1668 2523 1727 Hanni-

1025 1768 1383 1840 ballianus,
1417 1766 1853 1840 Constantius,
1891 1785 2083 1848 quam
2114 1763 2333 1841 litem,
2371 1784 2520 1827 cum

984 1860 988 1864 ⁸
1025 1887 1110 1928 ex
1159 1865 1372 1926 numis
1419 1863 1638 1928 decidi
1678 1880 1997 1946 nequeat,
2042 1865 2374 1928 historicis
2414 1887 2520 1930 re·

1020 1967 1282 2051 linquo,
1358 1950 1443 2030 de
1507 1987 1631 2050 qua
1704 1966 1851 2030 vide
1909 1968 2403 2032 Tillemontium
2438 1969 2520 2050 ⁸¹).

1018 2066 1237 2131 Patris
1276 2082 1671 2132 testamento
1716 2068 1920 2135 fuisse
1961 2070 2041 2133 ab
2078 2072 2362 2155 imperio
2409 2090 2552 2161 exj,

1020 2171 1277 2257 clusos,
1321 2172 1533 2233 refert
1564 2170 1877 2233 Libanius
1902 2174 2059 2236 solo
2091 2173 2517 2235 Constantino

1021 2275 1423 2356 imperatore
1480 2269 1820 2353 designato
1852 2272 1937 2354 ¹’).
2027 2274 2250 2368 Quare
2303 2293 2519 2357 neque

1023 2376 1336 2440 Caesares
1368 2373 1561 2436 fuere
1598 2394 1914 2458 unquam,
1959 2379 2083 2440 etsi
2111 2378 2278 2440 haec
2311 2376 2522 2459 digni-

1023 2489 1123 2539 tas
1160 2476 1494 2540 nonnullis
1526 2477 1763 2539 horum
1802 2478 2029 2543 liberis
2065 2478 2324 2561 obtigit.

1155 2577 1402 2641 Filiae:
1446 2580 1495 2639 1.
1528 2583 1628 2644 ΡΙ,
1668 2583 2043 2646 Constantia
2074 2585 2134 2663 e)
2179 2594 2381 2662 nupta
2411 2581 2522 2645 Li-

1026 2680 1201 2746 cinio
1244 2686 1561 2768 Augusto.
1652 2680 1731 2742 11.
1768 2686 2149 2750 Anastasia.
2239 2684 2349 2777 Ill.
2388 2690 2524 2749 Eu-

3629 544 3654 579 δ

2635 644 2849 721 tropt'a
2873 601 3094 702 ,mater
3126 639 3482 724 Nepotiani
3517 642 3724 726 Aug.,
3771 644 3856 710 de
3894 644 4139 733 quibus

2636 740 2791 806 vide
2839 742 3031 826 plura
3082 741 3254 825 apud
3304 745 3414 806 Du
3465 745 3688 829 Gange
3742 746 3811 809 iu
3865 746 4140 814 familiis

2635 847 2946 930 Byzant„
2994 857 3061 907 et
3103 845 3437 915 Valesium
3473 845 3559 929 d).

3240 1055 3527 1136 Numi.-

2925 1252 3059 1315 m..
3080 1251 3293 1314 max.
3316 1240 3906 1318 TnssononAE.
3924 1213 4138 1326 Avo.

2925 1359 3138 1433 Hujus
3181 1369 3393 1435 caput.

2637 1455 3398 1521 PIETAS.ROMANA.
3437 1462 3671 1522 Mule’er
3698 1471 3881 1523 stans
3913 1462 4142 1541 insau-

2637 1572 2766 1624 tem
2813 1582 3040 1636 unm,
3113 1562 3329 1623 rarius
3377 1567 3538 1625 duos
3585 1565 3657 1624 iu
3705 1565 3853 1625 sinu
3896 1572 4142 1644 qeslat.

2638 1662 2777 1724 AR.
2827 1662 2963 1724 ΔΕ.
2999 1663 3110 1723 111.

2770 1762 3119 1825 Existimat
3180 1763 3585 1840 Bandnrius,
3660 1760 3935 1825 indicari
4002 1763 4145 1826 hoc

2637 1877 2791 1948 typo
2844 1865 3156 1948 pietatem
3209 1865 3607 1928 Theodorae
3645 1865 3734 1955 vin
3789 1864 4045 1928 liberos
4101 1885 4144 1929 e

2637 1968 3019 2035 Constantio
3064 1981 3428 2049 susceptos.
3514 1968 3719 2030 Forte
3766 1966 4007 2029 certius
4057 1987 4149 2030 ex

2637 2084 2867 2134 vetere
2904 2091 3058 2146 usu,
3104 2089 3298 2154 quem
3344 2070 3412 2130 in
3458 2068 3673 2132 numis
3715 2067 3978 2151 saepius
4025 2067 4147 2132 ob·
4231 2083 4246 2097 f

2637 2170 3079 2244 servavimus,
3127 2185 3389 2235 notatur
3435 2172 3640 2259 pietas
3685 2171 4021 2253 Augustae
4072 2170 4148 2232 in

2638 2274 2896 2357 puellas
2933 2273 3373 2339 alimentares.
3422 2275 3557 2336 Alii
3591 2270 3983 2335 Theodorae
4024 2294 4147 2337 nu·

2636 2379 2728 2440 mi
2763 2374 3053 2443 nondum
3105 2374 3455 2441 observati.
3501 2373 3879 2441 Secundum
3917 2374 4146 2456 conje-

2636 2493 2928 2555 cturam,
2985 2499 3174 2563 quam
3217 2479 3284 2539 in
3323 2479 3581 2542 Helena
3619 2477 3849 2544 Iuliani
3894 2497 4146 2561 propo·

2636 2602 2786 2644 nam
2806 2622 2830 2657 ,-
2884 2582 3132 2664 poterit
3181 2581 3540 2645 verisimile
3595 2578 3842 2658 videri,
3900 2598 4143 2643 numos

2636 2683 2761 2748 hos
2799 2703 2877 2746 ea
2912 2684 3222 2749 defuncta
3252 2684 3455 2749 fuisse
3492 2685 3801 2768 signatos.

2316 3003 2518 3063 PRE
2541 3002 2819 3083 HVM-

1630 3196 1951 3280 Argentei
1992 3195 2180 3280 puri,
2225 3198 2451 3280 quales
2495 3198 2650 3261 citat
2693 3197 3014 3262 Beauvais
3116 3241 3132 3259 .
3222 3239 3242 3257 .
3328 3241 3346 3258 .
3437 3240 3454 3257 .

1627 3300 1842 3361 Aenei
1886 3299 1997 3364 111.
2039 3295 2295 3362 formae

1631 3399 1926 3463 Alter-ius
1970 3400 2221 3463 metalli
2264 3415 2373 3465 aut
2415 3402 2668 3482 formae
2713 3423 2847 3467 non
2893 3413 3168 3465 exstant.

1890 3717 2119 3778 GAL.
2216 3720 2441 3780 VAL.
2528 3716 3274 3782 MAXIMIANVS.

1152 3907 1354 3978 Natus
1397 3927 1607 3990 prope
1654 3907 1988 3971 Serdicam
2026 3910 2267 3974 Daciae
2308 3933 2517 3977 novae
2572 3904 2578 3909 ³

1027 4028 1276 4098 genere
1313 4009 1699 4093 pastoricio,
1746 4031 1822 4074 ac
1860 4024 2187 4095 pastorem
2226 4015 2367 4097 ipse
2404 4037 2520 4099 pu-

1026 4135 1107 4178 er
1154 4133 1301 4175 cum
1345 4127 1609 4196 ageret,
1671 4112 1878 4192 abre
1927 4115 2139 4180 (lictus
2185 4122 2521 4184 Armenta-

1026 4222 1166 4280 rs‘us
1195 4217 1291 4297 ι··),
1348 4215 1466 4277 sed
1515 4235 1644 4298 quo
1693 4216 1962 4281 nomine
2015 4217 2341 4282 abstinent
2386 4240 2524 4283 mo·

1022 4307 1333 4381 tumenta
1378 4316 1658 4400 publica.
1724 4320 1805 4387 V.
1846 4323 1922 4387 C.
1965 4324 2125 4398 ¹⁰45
2165 4319 2239 4383 P.
2274 4325 2355 4386 X.
2397 4341 2517 4403 2q2

1023 4441 1172 4486 cum
1221 4421 1673 4486 Diocletianus
1712 4421 1806 4486 aad
1860 4423 2304 4489 sustinendam
2353 4424 2522 4488 irru-

1095 4659 1161 4729 ο)
1199 4653 1354 4714 Nota
1392 4653 1464 4711 11.
1503 4653 1567 4712 in
1605 4655 1971 4714 Constantin.

1022 4745 1092 4805 T·
1132 4745 1203 4806 Π-
1242 4764 1304 4821 p·
1343 4753 1469 4811 548.
1634 4751 1698 4821 e)
1737 4745 1947 4809 Victor
1986 4746 2049 4806 in
2085 4746 2248 4824 Epit.

2130 4655 2204 4730 b>
2243 4658 2409 4720 Orat.
2450 4659 2599 4726 111.,·
2718 4660 2781 4731 c)
2822 4659 3108 4718 Muratori
3145 4658 3327 4719 Inscr.
3366 4679 3428 4736 p.
3468 4660 3594 4721 260.
3633 4666 3687 4719 ⁵·

2636 3914 2884 3976 entium
2957 3911 3389 3976 barbarorum
3469 3910 3716 3974 molem
3799 3908 4142 3993 adjutores

2638 4019 2956 4081 Caesares
3018 4012 3594 4097 circumspiceret,
3659 4014 3801 4097 ipse
3855 4001 4141 4093 propter

2635 4130 3053 4203 perspectam
3121 4120 3224 4182 rei
3294 4115 3594 4178 militaris
3652 4113 3989 4177 scientiam
4052 4111 4138 4174 ab

2637 4222 2757 4285 illo
2835 4221 3208 4305 adoptatur,
3289 4233 3360 4282 et
3419 4218 3657 4281 Caesar
3731 4215 4141 4279 adclamatus·

2637 4323 2881 4388 collato
2929 4343 3048 4386 suo
3084 4328 3261 4387 Iovii
3288 4320 3577 4386 nomine.
3622 4317 3826 4400 (Vide
3858 4317 4031 4381 infra
4067 4316 4139 4378 in

2636 4425 2903 4506 numis.)
2951 4425 3087 4489 Sed
3137 4424 3534 4508 chronologi
3583 4421 3694 4486 alii
3746 4422 3915 4484 hanc
3963 4421 4140 4484 Con·

3853 4653 3923 4726 a>
3963 4652 4027 4708 a.
4070 4649 4142 4707 ι..
