4388 5576
1324 429 2372 520 PSEVDo-MONETA.

3261 477 3422 543 281·-

1460 744 1999 843 ‘CAPVT
2068 743 2160 805 11.

1205 944 1301 1005 De
1342 943 1509 1022 typis
1549 941 2095 1004 contorm'atomm
2137 944 2210 1003 in
2245 946 2499 1022 qenes-e.

433 1141 666 1204 Partes
706 1139 955 1203 anticae
1004 1138 1072 1201 in
1106 1139 1298 1222 hujus
1334 1157 1596 1222 quoqne
1642 1137 1803 1201 clas-

309 1244 402 1306 sis
445 1245 659 1305 numis
705 1255 898 1325 caput
945 1242 1206 1327 aliquod
1233 1287 1250 1318 ,
1294 1240 1402 1307 vel
1453 1253 1801 1322 protomen

305 1347 700 1430 plerumque
779 1341 1086 1408 offerunt.
1174 1338 1466 1405 Pax-tium
1548 1364 1798 1406 aversa·

304 1468 458 1510 rum
502 1448 634 1530 typi
678 1445 995 1528 majorem
1039 1456 1290 1527 partem
1329 1465 1409 1506 ex
1452 1445 1621 1507 ludis
1665 1445 1806 1506 Cir-

304 1549 650 1624 censibus,
694 1547 966 1631 aliisque
1014 1546 1401 1630 spectaculis
1445 1561 1593 1609 sunt
1642 1547 1807 1629 peti·

307 1641 818 1734 ti,‘quanqnam
878 1669 1010 1711 non
1068 1647 1283 1709 desint
1339 1649 1511 1730 capti
1571 1668 1654 1710 ex
1700 1668 1804 1729 cy·

305 1752 419 1815 elo
475 1752 762 1832 mythico
814 1763 882 1813 et
920 1749 1232 1825 heroico,
1296 1762 1362 1812 et
1419 1770 1551 1811 non
1612 1750 1801 1832 pauci

305 1852 862 1937 argumento‘sint
889 1850 1218 1925 abstruso,
1255 1864 1363 1914 aut
1392 1851 1585 1935 plane
1617 1850 1802 1933 igno-

303 1969 416 2031 to,
477 1975 641 2041 quae
697 1953 952 2036 singula
1010 1952 1341 2016 docebunt
1394 1952 1574 2014 numi
1631 1952 1800 2015 infra

303 2057 649 2139 descripti.

435 2159 615 2222 Istud
645 2156 890 2219 habent
916 2152 984 2215 hi
1012 2153 1191 2217 numi
1221 2153 1552 2235 singulare
1571 2198 1588 2230 ,
1627 2154 1803 2239 quod

304 2263 456 2328 fere
527 2280 858 2344 nunquam
926 2269 1232 2343 appareat
1306 2256 1538 2340 aliquis
1598 2250 1802 2340 partis

305 2365 569 2447 anticae,
611 2382 757 2426 cum
810 2381 1033 2424 aversa
1081 2378 1324 2433 nexus,
1384 2361 1614 2421 saltem
1660 2377 1805 2421 cer·

308 2482 416 2532 tus
444 2486 517 2529 ac
553 2465 972 2549 perspicuus,
1019 2462 1137 2523 sed
1173 2461 1366 2544 plane
1400 2460 1800 2539 arbitrarius,

288 2583 505 2652 ‘atque
562 2581 636 2630 ut
691 2564 896 2626 libido
954 2565 1120 2637 tulit.
1206 2563 1420 2624 Nemo
1481 2563 1654 2623 enim
1712 2561 1803 2623 sa-

310 2673 441 2736 cile
483 2679 834 2752 componet
876 2679 1068 2747 caput
1112 2663 1470 2726 Alexandri
1514 2667 1610 2728 M.
1651 2684 1801 2727 cum

303 2774 492 2839 circo
550 2771 883 2844 Romano,
945 2766 1199 2850 Scylla,
1273 2766 1383 2830 vel
1446 2780 1631 2851 raptu
1692 2770 1805 2832 Sa·

302 2878 640 2947 binarum,
728 2883 837 2932 aut
912 2867 1292 2947 Horatium,
1378 2869 1801 2951 Apollonium

306 2951 758 3060 OE‘yanensem,
849 2971 1226 3034 Sallustium
1314 2989 1461 3033 cum
1536 2973 1803 3057 agitato-

307 3080 495 3145 ribus
564 3072 1001 3148 circensibus,
1073 3073 1327 3157 planis,
1405 3083 1474 3133 et
1536 3075 1800 3157 agyrtis,

308 3183 647 3245 Neronem
704 3196 849 3239 cum
894 3174 1199 3236 Faustina
1252 3173 1529 3255 juniore.
1617 3176 1805 3239 *At-hi.

218 3329 221 3330 ν
308 3286 509 3348 trium
554 3279 727 3342 istud
773 3299 854 3340 eo
900 3277 1180 3338 maxime
1225 3275 1581 3353 elucescit,
1627 3277 1806 3360 qnod

312 3399 794 3468 saepenumero
856 3377 1121 3440 eosdem
1181 3378 1375 3460 plane
1423 3390 1610 3462 typos
1653 3401 1801 3442 cum

314 3486 515 3552 variis
554 3480 870 3566 capitibus
910 3480 1291 3559 conjunctos
1329 3480 1646 3544 videmus.
1694 3482 1803 3556 Sic

309 3587 599 3650 fabulam
677 3583 932 3665 Scyllae
1003 3580 1412 3661 conjunctam
1488 3582 1803 3645 babemus

314 3710 467 3754 cum
554 3684 765 3770 capite
853 3684 1209 3746 Alexandri
1287 3686 1412 3755 M.‚
1484 3660 1804 3758 Neronis,

276 3790 617 3870 ‘TraJani,
662 3787 839 3849 urhis
876 3788 1161 3857 Romae,
1206 3783 1493 3863 Cybelen
1542 3785 1607 3844 in
1651 3806 1714 3847 cc

314 3892 523 3955 sortio
598 3890 802 3969 Atyos
873 3885 973 3948 sui
1047 3899 1314 3949 vectam*
1373 3906 1518 3946 cum
1593 3888 1803 3982 capite

310 3991 628 4065 Homeri,
683 3988 1000 4063 Neronis,
1058 3987 1472 4069 Vespasiani,
1519 3988 1802 4070 Trajani.

270 4070 512 4158 ⁸Plura
557 4091 855 4174 exempla
901 4088 1020 4150 alia
1067 4087 1333 4149 habebis
1378 4088 1569 4151 infra.
1672 4092 1805 4152 No-

311 4198 414 4274 vi,
464 4193 799 4269 nonnullis
854 4189 1227 4273 antiquariis
1288 4210 1431 4251 rem
1488 4211 1617 4253 non
1675 4213 1802 4254 ma·

308 4299 473 4362 ximi
532 4296 785 4379 negotii
850 4292 1079 4369 visam,
1139 4290 1330 4374 hujus
1389 4295 1597 4354 nexus
1656 4311 1802 4357 cau-

306 4422 447 4466 sam
510 4399 833 4483 reperire.
921 4397 1068 4457 Non
1133 4412 1344 4474 nego,
1424 4393 1671 4475 ingenii
1733 4406 1802 4455 et

307 4500 702 4568 eruditionis
746 4517 874 4579 ope
916 4515 1110 4581 posse
1144 4493 1212 4556 in
1248 4494 1520 4576 singulis
1556 4494 1801 4580 aliquid

305 4598 652 4689 probabile
692 4598 984 4677 ⁴adferri.
1062 4577 1315 4665 'verum
1369 4594 1425 4657 si
1475 4596 1801 4680 probabili

303 4703 689 4786 coniectura
719 4699 1026 4764 extudisti
1054 4697 1340 4785 denique
1370 4717 1610 4761 nexum
1641 4720 1703 4767 v.
1735 4718 1798 4783 g.

508 4806 687 4883 (Vol.
736 4804 947 4883 7111.)

1913 1136 2275 1199 Alexandri
2333 1139 2425 1202 Μ.
2494 1160 2643 1204 cum
2700 1139 2954 1222 Scylla,
3029 1167 3106 1209 an
3181 1149 3408 1213 eadem

1914 1240 2138 1304 valere
2181 1239 2373 1302 etiam
2411 1244 2657 1326 poterit
2689 1242 2769 1304 ad
2803 1245 3259 1329 explicandum
3300 1273 3412 1315 ne-

1913 1348 2065 1402 xut'n
2125 1343 2428 1405 Neronis
2467 1344 2572 1407 vel
2637 1345 2899 1422 Traiani
2964 1368 3110 1410 cum
3173 1352 3413 1415 eodem

1914 1444 2112 1505 maris
2188 1448 2536 1526 portento}
2629 1444 2842 1539 Quam
2899 1448 3126 1511 ‘fuerit
3204 1451 3414 1531 bonus

1918 1545 2410 1629 Bavercampus
2489 1548 2689 1628 gratis
2766 1547 3110 1627 anhelans,
3187 1556 3416 1619 multa·

1921 1666 2048 1730 qne
2094 1648 2351 1729 agendo
2393 1645 2558 1708 nibil
2603 1668 2837 1729 agens,
2893 1671 3041 1713 cum
3085 1653 3151 1714 in
3198 1657 3414 1738 singu·

1915 1747 1997 1808 lis
2041 1748 2395 1810 conciliare
2460 1762 2804 1833 utramque
2867 1766 3118 1834 partem
3167 1757 3413 1842 nitere·

1913 1861 2058 1925 tur,
2120 1862 2260 1911 toto
2323 1869 2568 1932 opere,
2634 1852 2809 1936 quod
2855 1853 2940 1917 de
2986 1859 3411 1921 contorniatis

1912 1951 2442 2032 conscripserat,-
2518 1953 2848 2016 luculente
2933 1955 3407 2043 comprobavit,

1912 2051 2098 2134 cujus
2162 2052 2428 2116 infausti
2488 2068 2755 2118 conatus
2818 2058 3192 2139 exemplum
3253 2075 3416 2124 stre·

1918 2171 2150 2234 perum
2199 2152 2492 2218 dabimus
2534 2156 2705 2221 infra
2751 2158 2961 2242 capite
2988 2159 3098 2222 111.
3131 2162 3182 2237 §.
3218 2164 3411 2247 7·sub

1916 2273 2114 2316 numo
2159 2258 2395 2338 primo.
3068 2280 3075 2289 '

2046 2354 2299 2439 Capita,
2363 2379 2527 2441 quae
2564 2340 2834 2443 ,partem
2898 2363 3175 2425 anticam
3221 2384 3426 2431 οεοῦ-ἰ

1916 2467 2105 2538 pant,
2186 2472 2336 2521 sunt
2394 2461 2732 2525 bominum
2799 2467 3011 2526 variae
3082 2467 3409 2548 fortunae,

1919 2545 2205 2634 ordinis,
2267 2561 2578 2640 instituti,
2637 2564 3038 2629 summorum
3083 2589 3290 2651 aeque
3338 2591 3414 2635 ac

1918 2659 2316 2728 infimorum.
2403 2665 2701 2728 Numinis
2786 2682 3028 2730 certam
3119 2669 3413 2753 effigiem

1919 2763 2211 2826 nondum
2255 2764 2322 2826 in
2355 2766 2469 2828 ‚his
2513 2767 2876 2833 observavi.
2963 2772 3034 2832 In
3080 2773 3411 2838 nonnullis
3465 2827 3472 2834 .

1920 2878 2134 2927 tamen
2184 2881 2518 2950 estscaput
2560 2873 2810 2934 Romae
2857 2872 3077 2936 addito
3133 2873 3412 2937 ROMA.

1915 2966 2088 3052 Vide
2122 2968 2290 3029 infra
2342 2991 2480 3056 cap.
2516 2974 2625 3036 111.
2661 2979 2711 3049 ὖ.
2759 2996 2780 3033 1
2838 2975 2955 3036 sub
2989 2980 3251 3056 Scylla,
3298 2991 3410 3040 aut

1917 3068 2138 3131 addito
2188 3072 2571 3136 INVICTA.
2617 3075 2894 3138 ROMA.
2935 3077 3225 3140 FELIX.
3278 3079 3413 3141 SE-

1916 3171 2233 3238 NATVS.
2273 3179 2280 3184 ’
2319 3172 2488 3238 Vide
2546 3194 2681 3258 cap.
2732 3178 2843 3241 111.
2901 3180 2952 3251 §.
3000 3181 3043 3250 4
3093 3179 3160 3239 in
3217 3199 3413 3245 vena·
3476 3238 3500 3258 .-

1918 3271 2223 3333 tionibus.
2311 3274 2562 3336 Eorum
2632 3277 2839 3357 major
2912 3299 3062 3360 pars
3130 3280 3411 3362 impera·

1920 3369 2134 3434 toru'm
2179 3374 2371 3434 Rom.
2418 3374 2705 3456 effigiem
2753 3378 3024 3456 sistunt,
3095 3377 3409 3464 frequens

1918 3474 1983 3534 in
2031 3476 2128 3536 his
2176 3477 2367 3537 etiam
2415 3475 2788 3552 Alexander
2821 3485 2949 3555 M„
2996 3492 3129 3541 tum
3179 3495 3246 3545 et
3288 3484 3414 3547 viri

1918 3574 2208 3638 illustres
2244 3580 2611 3655 Homerus,
2652 3581 3036 3659 Terentius,
3072 3585 3406 3661 Horatius,

1918 3679 2196 3762 aliique,
2263 3698 2424 3760 quos
2485 3699 2712 3743 omnes
2769 3683 2940 3745 infra
3000 3684 3409 3758 enumerabi-

1796 3822 1835 3834 ..
1920 3801 2083 3840 mus.
2172 3782 2476 3864 Denique
2521 3802 2648 3842 non
2694 3784 2883 3866 pauci
2927 3779 3215 3860 offerunt
3257 3807 3409 3868 pro·

1922 3896 2141 3943 tomen
2178 3882 2238 3942 d.
2279 3881 2612 3963 flagellum
2657 3897 3026 3962 tenentem,
3072 3908 3124 3951 s.
3171 3906 3411 3972 equum

1918 3983 2112 4045 freno
2159 3984 2542 4063 ducentem,
2601 4006 2731 4069 quo
2787 3999 2942 4068 typo
3000 3988 3217 4051 multis
3269 4011 3411 4055 cre-

1919 4083 2120 4146 ditum
2181 4087 2662 4169 repraesentari
2717 4089 3041 4150 variorum
3087 4092 3408 4176 imperan-

1917 4187 2078 4249 tium
2144 4186 2473 4270 esfigiem,
2537 4188 2656 4250 sed
2701 4188 3080 4253 docebimus
3123 4194 3294 4256 infra
3336 4197 3408 4256 in

1916 4287 2624 4368 animadversionibus,
2700 4307 2864 4375 quae
2942 4292 3405 4358 decursionum

1915 4389 2129 4453 numis
2188 4393 2649 4476 subjiciuntur,
2719 4413 2865 4457 esse
2924 4395 3241 4478 imagines
3301 4419 3408 4460 au-

1914 4489 2225 4577 figarum.

2041 4600 2303 4680 Restat,
2358 4608 2432 4658 ut
2475 4613 2750 4678 quornm
2794 4595 3253 4680 imperantium
3297 4601 3405 4666 ha·
3464 4606 3469 4613 '

1913 4697 2178 4762 beamus
2240 4697 2714 4774 contorniatos,
2788 4700 3073 4764 adhibita
3130 4704 3405 4766 nonnul.

2863 4805 2923 4867 N
2966 4824 3012 4864 n
