4388 5576
956 422 1093 516 1³⁸

953 586 1044 648 mi
1083 574 1397 645 simillimi
1442 588 1567 639 tam
1605 568 1949 648 'Caesaris,
1996 591 2187 656 quam
2231 571 2452 654 Augu.

954 689 1038 752 δυ
1084 684 1348 748 nomine
1396 696 1723 760 Πὶδὶςῐὶθῦ,
1786 698 1852 736 ln
1899 695 2174 768 quorqm
2223 681 2452 736 &versa

953 787 1231 870 legitur·
1276 782 1548 853 VOTA.
1585 778 1957 846 PVBLICA
1993 790 2145 860 typo
2177 774 2449 850 Anubis,
2505 779 2524 796 ⁸

953 891 1187 976 quibus
1240 884 1407 949 adde
1452 902 1719 943 numum
1771 880 2012 940 Iuliani
2045 877 2254 939 adhuc
2295 880 2451 942 Cae-

954 991 1116 1055 saris
1163 1007 1357 1070 supra
1400 1005 1578 1048 num.
1626 984 1684 1044 (ι
1732 979 2168 1061 descriptum,
2228 992 2332 1052 et,
2379 993 2452 1040 ut

955 1105 1170 1179 patet,
1232 1091 1594 1172 imperante
1659 1081 1870 1147 adhuc
1934 1083 2312 1147 Constantio
2371 1081 2452 1142 si-

956 1207 1262 1279 gnatum,
1306 1211 1435 1273 quo
1476 1202 1776 1269 tempore
1823 1185 1877 1247 is
1922 1184 2299 1247 Constantio
2342 1182 2451 1244 ad-

950 1299 1082 1359 huc
1129 1293 1446 1359 obnoxius
1482 1288 1921 1353 Chiistianum
1965 1306 2109 1348 sese
2148 1284 2449 1368 profiteri

956 1381 1545 1482 quomodocunque
1618 1391 1858 1488 invitus
1928 1386 2171 1451 debuit.
2262 1387 2452 1448 Simi-

949 1503 1086 1563 lem
1167 1496 1573 1563 Constantini
1639 1496 1731 1554 M.
1801 1511 2067 1552 numum
2149 1489 2450 1551 consulto

945 1615 1337 1689 praetere03
1384 1618 1529 1660 nam
1570 1594 1765 1659 video
1800 1605 1994 1677 posse
2033 1590 2448 1674 responderi,

947 1706 1151 1766 fuisse
1189 1703 1509 1784 signatum
1553 1711 1721 1784 tum,
1769 1700 1914 1757 cum
1956 1694 2165 1755 adhuc
2200 1695 2449 1768 lovem,

946 1810 1360 1888 Martemque
1409 1804 1474 1865 in
1530 1812 1788 1863 moneta
1840 1798 2259 1858 tolenwaverat
2318 1795 2453 1855 De-

949 1911 1149 1993 nique
1197 1906 1443 1968 similes
1477 1901 1656 1964 numi
1701 1913 2056 1963 occurrunt
2095 1896 2289 1959 etiam
2328 1894 2448 1956 sub

927 2007 1254 2082 loviano,
1302 2006 1801 2075 Valentinian0‚
1849 1989 2172 2073 Valente<
2204 1997 2450 2059 Gratia·

949 2134 1074 2189 no,
1120 2110 1530 2173 idololatriae
1575 2124 1979 2190 nequaquam
2024 2099 2365 2183 suspectis..

1079 2213 1441 2274 Enimvero
1486 2208 1704 2271 omnia
1749 2201 2143 2288 persuadent
2166 2221 2203 2276 ,·
2246 2202 2448 2263 fuisse

948 2315 1014 2375 in
1077 2319 1376 2397 Aegypto
1433 2325 1624 2376 vetus
1682 2308 2080 2380 institutum,
2140 2316 2212 2364 ut
2270 2303 2450 2365 statis

950 2415 1362 2497 temporibus
1416 2425 1554 2476 vota
1599 2409 1860 2497 publica
1899 2409 2072 2469 forte
2121 2426 2244 2489 pro
2284 2405 2451 2468 salu-

948 2502 1015 2578 te
1056 2517 1418 2603 principum
1456 2514 2001 2600 conciperentur,
2037 2529 2111 2572 ac
2146 2523 2283 2571 tum
2314 2527 2452 2570 mo·

949 2632 1103 2680 neta
1166 2638 1315 2679 cum
1375 2616 1766 2699 imaginibus
1834 2614 2147 2688 deorum,
2214 2609 2449 2693 quibus

949 2722 1382 2805 supplicatum
1445 2735 1577 2796 est,
1641 2727 2052 2799 erogaretur.
2139 2714 2310 2775 Sane
2357 2711 2451 2772 in-

949 2823 1033 2884 de
1095 2846 1131 2884 a
1195 2821 1608 2886 Diocletiano
1670 2820 1957 2881 omnium
2018 2816 2164 2881 sere
2227 2817 2450 2897 Augu·

947 2939 1198 2986 storum
1262 2938 1328 2986 et
1392 2926 1744 2986 Caesarum
1805 2921 1874 2983 id
1935 2940 2143 3004 genus
2212 2937 2448 2979 numos

945 3028 1300 3102 habemus,
1347 3041 1624 3110 suntque
1667 3024 1877 3085 forma
1909 3022 2253 3106 modisque
2286 3022 2449 3081 mul-

949 3145 1086 3191 tum
1155 3129 1434 3191 diversis
1490 3152 1525 3190 a
1586 3140 1846 3189 monela
1906 3124 2236 3187 ordinaria
2296 3122 2448 3184 Ale-

953 3232 1262 3297 xandriae
1310 3234 1580 3317 signata.
1643 3228 1819 3319 Quid
1866 3226 2041 3311 quod
2085 3226 2274 3308 hujus
2322 3226 2448 3287 ori·

947 3356 1034 3418 go
1082 3348 1381 3398 monetae
1452 3333 1622 3395 forte
1684 3330 1875 3395 altius
1920 3342 2022 3391 est
2064 3327 2446 3412 repetenda.

949 3441 1210 3500 Exstat.
1242 3438 1305 3499 in
1369 3457 1599 3500 museo
1646 3436 1968 3498 Caesareo
2032 3453 2273 3494 aeneus
2312 3431 2448 3491 Ha-

949 3538 1161 3619 driani
1216 3537 1468 3601 formae
1524 3541 1606 3599 11.
1664 3524 2192 3603 HADRIANVS.
2241 3534 2443 3602 AVG.

952 3640 1146 3705 COS.
1168 3638 1276 3707 111.
1306 3643 1381 3706 P.
1410 3642 1481 3703 P.
1529 3644 1733 3719 Caput
1764 3642 2142 3702 laureatum.
2191 3634 2239 3694 Ξ
2283 3641 2447 3700 Sine

949 3748 1313 3823 epiqraphe.
1398 3747 1528 3805 Isis
1554 3744 1955 3822 praeyraaeedi
1984 3743 2135 3801 cani
2168 3742 2449 3801 currenti

948 3848 1235 3906 insidens
1255 3848 1316 3922 (ζ.
1343 3850 1622 3918 sistrum,
1659 3866 1710 3904 ε.
1741 3846 2013 3903 hastam.
2058 3842 2311 3901 Numus
2339 3839 2446 3901 hic

949 3945 1288 4008 commatis
1347 3946 1623 4006 Romani
1678 3955 1860 4004 certe
1920 3960 2048 4001 non
2106 3954 2236 4017 est,
2299 3961 2445 4003 nam

925 4047 1139 4127 'deest
1175 4060 1324 4107 nota
1370 4046 1435 4109 S.
1477 4048 1583 4120 ca,
1632 4059 1699 4106 et
1735 4044 2007 4104 multum
2053 4041 2133 4105 ab
2169 4043 2298 4105 hoc
2341 4043 2449 4106 ab·

948 4147 1117 4209 ludit
1172 4146 1449 4220 fabrica,
1510 4167 1726 4230 neque
1785 4161 1975 4229 typus
2038 4145 2176 4227 ipse
2234 4145 2493 4207 adh-uc.

948 4252 1017 4311 in
1064 4252 1201 4314 ullo
1266 4262 1449 4313 certo
1508 4248 1800 4333 ejusdem
1861 4249 2201 4311 commatis
2245 4269 2445 4311 numo

954 4353 1368 4433 observatus}
1445 4366 1509 4415 at
1566 4352 1883 4436 frequens
1938 4364 2041 4413 est
2099 4350 2171 4431 in
2231 4350 2442 4433 hujus,

957 4538 3705 4571 *mmm

1023 4674 1087 4743 a>
1126 4670 1186 4727 L.
1230 4670 1417 4729 xxn.

2129 357 2699 464 1vL1Ast
2775 383 2868 462 11.

2567 571 2651 636 de
2685 592 2808 657 qua
2845 571 3125 655 agimus,
3175 572 3400 638 classis
3430 576 3674 652 numia,
3720 588 3790 638 ut
3820 574 4058 643 videre

2567 690 2667 739 est
2702 697 2898 760 supra
2939 676 3004 736 in
3045 676 3256 736 numis
3291 676 3367 753 3,
3422 678 3531 754 ι3,
3587 679 3680 740 ι8.
3739 680 3913 742 Huic
3949 679 4069 742 ad··

2567 780 2649 841 «le
2689 779 2965 840 similem
3009 776 3355 842 Faustinae
3398 779 3691 864 senioris,
3716 781 3781 839 in
3827 804 4058 846 museo

2569 880 2922 962 Theupoli.
2984 880 3177 947 Vnde
3232 881 3588 943 verisimile
3635 880 3741 958 fit,
3785 883 4067 958 Hadria·

2566 1005 2652 1046 no
2689 984 3093 1064 imperante,
3138 1001 3329 1065 quem
3367 984 3838 1064 Aegyptiorum
3877 1006 4064 1050 sacra

2567 1083 2802 1169 cupide
2838 1083 3212 1167 amplexum
3247 1085 3579 1158 novimus,
3624 1085 3870 1169 aliquid
3904 1089 4063 1153 novi

2567 1188 2730 1247 ritus
2769 1200 3071 1251 votorum
3107 1186 3522 1268 publicarum
3553 1190 3818 1250 nomine
3853 1189 4059 1254 fuisse

2565 1289 2931 1361 invectum,
2995 1301 3061 1348 et
3102 1287 3545 1352 continuatum
3584 1291 3928 1375 deinceps,
3988 1306 4064 1356 et

2567 1390 2686 1452 sub
2741 1390 2898 1475 ipsis
2950 1389 3179 1464 etiam,
3250 1405 3322 1451 ut
3378 1391 3689 1470 vidimus,
3748 1394 4061 1477 principi·

2565 1492 2687 1554 bus
2728 1491 3143 1567 Christianis,
3189 1490 3552 1556 serentibus
3586 1496 3685 1557 his
3718 1495 4065 1574 adhuc'in-

2566 1607 2894 1657 veteratos
2950 1592 3260 1678 quosdam
3314 1595 3510 1670 ritus,
3580 1617 3742 1681 quos
3799 1600 4059 1681 penitus

2566 1710 2872 1759 evertere
2927 1697 3455 1779 intempestivum
3515 1698 3758 1774 visum,
3819 1700 4059 1762 eodem

2544 1818 2804 1888 ⁸nempe
2848 1798 3085 1875 modo,
3132 1819 3263 1882 quo
3304 1799 3707 1864 Christianos
3757 1801 3904 1865 tulit
3954 1803 4058 1864 Iu·

2563 1901 2794 1963 lianus.
2826 1905 2985 1981 ‚Hoc
3028 1900 3264 1964 deinde
3303 1901 3667 1985 imperante
3702 1903 3865 1966 haec
3907 1918 4083 1977 vota,

2564 2002 2825 2086 publica
2875 2023 3026 2065 cum
3072 2003 3249 2067 omni
3297 2024 3410 2066 sua
3459 2006 3924 2087 superstitione
3968 2007 4061 2068 al-

2567 2106 2693 2165 tius
2740 2104 3052 2168 extulisse
3101 2118 3327 2188 caput,
3373 2117 3474 2183 et,
3518 2105 3690 2188 quod
3738 2106 4057 2191 sequitur,

2565 2207 2831 2292 impune
2912 2207 3374 2290 multiplicatos
3455 2223 3722 2284 numos,
3810 2211 4060 2272 nemini

2557 2305 2769 2373 credo
2826 2310 3062 2372 mirum
3118 2310 3446 2373 videbitur
3489 2315 3753 2391 cognito
3809 2313 4061 2396 praeci-

2562 2433 2693 2496 pue
2742 2411 2881 2495 ejus
2926 2414 2992 2474 in
3025 2413 3346 2495 Aegyptia
3386 2433 3567 2475 sacra
3604 2413 3883 2476 adfectu.
3931 2415 4053 2478 Cui

2563 2513 2951 2582 illustrando
3008 2511 3394 2598 argumento
3446 2515 3789 2598 praeclare
3834 2517 4057 2592 servit,

2564 2615 2744 2701 quod
2800 2615 3011 2679 refert
3055 2616 3434 2680 Ammianus
3470 2621 3565 2698 ⁸),
3630 2619 4057 2682 Dracontium

2564 2730 2865 2781 monetae
2923 2719 3398 2809 Alexandrinae
3445 2720 3883 2803 praepositum
3934 2739 4065 2805 per

2563 2820 2742 2883 idem
2812 2836 3070 2905 tempus
3135 2822 3213 2909 ¹:¹¹²
3289 2821 3627 2905 oppidanis
3689 2822 4059 2887 idololatris

2563 2924 2765 2987 fuisse
2814 2925 3281 2998 exanimatum,
3342 2923 3519 3008 quod
3572 2947 3748 2987 aram
3798 2926 3862 2985 in
3919 2948 4062 2987 mo-

2492 3080 2497 3089 .
2563 3041 2745 3101 neta,
2826 3048 3016 3111 quam
3087 3026 3392 3110 regebat,
3469 3044 3702 3089 recens
3779 3027 4059 3091 locatam

2565 3126 2823 3195 evertit.
2892 3128 3178 3220 Dubipm
3218 3149 3350 3189 non
3386 3129 3685 3203 videtur,
3730 3152 3765 3191 a
3801 3129 4057 3191 Iuliano

2562 3229 2628 3289 in
2668 3230 2807 3312 ejus
2846 3230 3063 3295 locum
3101 3228 3445 3293 suffectum
3481 3230 3682 3294 fuisse
3719 3232 4058 3294 hominem

2564 3334 2664 3395 sui
2715 3330 2960 3409 cultus,
3022 3354 3058 3395 a
3112 3353 3243 3417 quo
3288 3334 3643 3397 verisimile
3690 3348 3789 3396 est
3836 3332 4063 3396 deme·

2560 3433 2749 3496 r'endi
2798 3435 3214 3517 imperatoris
3259 3455 3447 3497 causa
3495 3437 3899 3517 ejuscemodi
3938 3459 4066 3498 nu-

2562 3557 2703 3598 mos
2748 3550 2925 3599 tanto
2970 3535 3172 3597 fuisse
3217 3558 3491 3601 numero
3538 3539 3901 3622 percussos.

2689 3639 3000 3723 Plerique
3032 3638 3411 3715 credidere,
3457 3640 3521 3701 in
3554 3641 3655 3701 his
3686 3645 3895 3703 numis
3927 3642 4055 3704 sub

2561 3741 3231 3824 imagine'Serapidis
3294 3746 3501 3805 latere
3560 3744 3913 3815 Iulianum,
3987 3757 4061 3804 et

2562 3844 2682 3905 sub
2736 3845 2938 3907 altera
2995 3843 3181 3905 Isidis
3230 3847 3552 3909 Helenam
3607 3866 3899 3909 uxorem.
3946 3846 4059 3908 De

2561 3945 2811 4009 Iuliano
2860 3946 3156 4009 dubitare
3220 3947 3329 4010 vix
3383 3948 3572 4022 licet,
3636 3950 3935 4031 quoniam
3982 3948 4057 4008 in

2560 4046 2691 4107 illis
2746 4048 2946 4110 facies
3007 4048 3343 4132 Serapidis
3408 4050 3569 4110 nihil
3630 4050 3830 4113 habet
3888 4051 4057 4131 ejus,

2563 4149 2769 4230 qualis
2826 4149 2942 4212 ille
3003 4150 3071 4212 in
3132 4152 3274 4213 aliis
3335 4151 3767 4215 monumentis
3811 4172 4061 4238 propo-

2559 4250 2773 4329 nitur,
2848 4253 2965 4314 sed
3029 4252 3136 4315 vix
3196 4253 3495 4335 ambigua
3555 4255 3786 4316 Iuliani
3848 4255 4058 4317 linea-

2562 4367 2814 4431 menta,
2862 4369 2926 4417 et
2970 4355 3309 4419 habuimus
3353 4356 3691 4421 innumera
3737 4355 4057 4421 hactenus
