4388 5576
996 419 1009 436 ‘
1103 465 1256 535 ιιεο

1111 634 1331 695 sivisse
1364 633 1646 709 ἱεραῖσι,
1698 624 2129 688 Victoriarum
2176 640 2379 683 aurea
2413 624 2605 682 simu·

1114 737 1293 795 Iaera
1342 730 1799 791 Valents’niano
1861 726 1940 786 ob
1982 722 2237 799 imperis·
2275 724 2606 798 primitias

1113 837 1479 904 oblaturos,
1540 826 1847 888 nimirum
1892 841 2038 885 cum
2084 820 2140 881 is
2194 819 2279 884 ob
2329 821 2600 882 eandem

1114 952 1371 995 causam
1427 943 1572 994 vota
1629 921 2125 1011 quinquennalia
2176 936 2600 1006 nuncuparet.
2660 928 2664 932 ’

1054 1025 1063 1036 ’
1108 1029 1317 1108 Vide,
1364 1045 1527 1115 quae
1564 1029 1645 1091 de
1670 1027 1964 1096 Victoria
1996 1022 2257 1106 imperii
2290 1026 2469 1086 velut
2507 1024 2599 1082 in-

1113 1135 1286 1215 signi
1329 1134 1450 1194 alia
1483 1133 1617 1192 dixi
1649 1131 1711 1191 in
1750 1127 1962 1192 numia
1999 1125 2359 1188 Octaviani.
2449 1121 2600 1215 Quo

1109 1234 1265 1299 Ioco
1307 1247 1439 1294 non
1500 1235 1723 1317 utique
1781 1227 2253 1302 omittendum,
2313 1224 2486 1308 quod
2531 1227 2607 1287 in*

1111 1335 1572 1400 Alexandrinis
1604 1334 2077 1418 Aegyptiorum·
2121 1330 2338 1391 numia
2376 1327 2601 1389 obser-

1106 1458 1354 1502 vamus.
1403 1439 1472 1496 ln
1497 1436 1729 1497 horum
1766 1433 1938 1494 enim
1977 1453 2126 1496 area
2160 1431 2315 1493 inde
2348 1429 2425 1493 ab
2447 1429 2600 1491 Ale-

1107 1538 1357 1612 xandro
1411 1539 1560 1602 Sev.
1603 1547 1848 1601 tantum
1892 1541 2045 1596 tunc
2083 1545 2418 1618 comparet
2468 1529 2600 1615 pal-

1108 1642 1255 1703 mae
1306 1662 1555 1715 ramus,
1642 1637 1897 1720 quando
1951 1636 2311 1720 imperat-or
2361 1645 2628 1695 annum-

1106 1731 1371 1826 imperii
1390 1743 1469 1804 X.
1503 1742 1677 1823 juxta
1709 1738 2179 1821 Aegyptiorum
2220 1748 2599 1819 computum

1110 1857 1213 1905 est
1247 1844 1644 1924 auspicatus,
1710 1855 1774 1900 et
1815 1836 1977 1900 votis
2023 1837 2190 1899 adeo
2228 1837 2601 1900 decennali-

1106 1944 1228 2007 bus
1264 1943 1598 2007 solvendis
1636 1941 1854 2002 locum
1891 1940 2069 2003 fecit.
2116 1939 2312 2022 Atqui
2342 1938 2596 2023 palmae

1106 2067 1356 2107 ramum
1393 2044 1723 2114 Victoriae
1760 2063 1904 2105 esse
1935 2040 2311 2104 attributum
2335 2084 2352 2117 ,
2396 2039 2600 2101 nemi·

1104 2148 1173 2208 ni
1219 2168 1350 2209 non
1414 2161 1664 2208 notum.
1750 2144 2074 2219 Consule,
2136 2162 2300 2224 quae
2345 2140 2427 2202 de
2471 2140 2599 2204 hoo

1105 2267 1293 2310 more
1347 2247 1408 2306 in
1447 2262 1632 2329 parte
1669 2248 1720 2310 l.
1767 2245 1956 2325 hujus
1995 2243 2218 2331 operis
2255 2240 2334 2323 ad
2364 2263 2598 2305 numos

1096 2345 1592 2410 Alexandrinos
1622 2346 1907 2408 Gallieni
1947 2346 2313 2409 observavi.
2399 2344 2595 2406 Numi

1102 2462 1405 2514 votorum
1444 2451 1627 2511 aurei
1656 2449 2011 2512 Constantii
2035 2447 2445 2531 ChloriAug.
2472 2466 2593 2529 pro

1099 2554 1298 2619 solito
1326 2553 1660 2621 Victoriae
1696 2568 1847 2635 typo
1880 2550 2214 2613 adstitutas
2247 2550 2486 2612 habent
2517 2547 2593 2608 li-

1098 2669 1275 2719 teras
1317 2656 1653 2738 colligatas
1693 2651 1879 2728 NK„
1926 2669 2081 2737 quas
2124 2650 2440 2732 legendas
2475 2647 2594 2711 Ne-

1097 2757 1234 2832 Κη,
1280 2775 1399 2818 suo
1433 2755 1580 2817 loco
1618 2751 1916 2816 indicavi.
1990 2751 2259 2835 Reliqui
2289 2764 2591 2816 votorum

1099 2858 1236 2940 ty'pi
1279 2855 1444 2917 nihil
1476 2873 1873 2937 magnopere
1901 2852 2464 2916 animadversione
2500 2852 2590 2914 di-

1100 2976 1298 3043 gnum
1340 2954 1645 3020 offerunt.
1736 2956 2041 3018 Ceterum
2066 2955 2425 3021 Victoriam
2459 2972 2594 3020 non·

1095 3058 1295 3143 modo
1327 3071 1625 3123 votorum
1662 3057 2116 3121 decennalium
2146 3057 2264 3119 sed
2286 3077 2592 3141 quornm·

1097 3181 1353 3246 cunque
1383 3161 1658 3223 aliorum
1682 3150 1893 3222 fuisse
1921 3160 2301 3235 ministram,
2348 3160 2588 3224 docent

1093 3262 1408 3326 lucernae
1455 3276 1719 3326 veteres
1763 3261 1930 3347 apud
1974 3260 2345 3323 Belloi-ium
2378 3261 2475 3343 ⁸),
2520 3276 2590 3325 et

1091 3363 1563 3446 Passeriumss)
1588 3409 1604 3440 ,
1663 3363 1728 3423 in
1773 3354 2009 3446 quilius
2052 3360 2322 3446 fingitur
2364 3364 2588 3430 Victo·

1091 3467 1191 3530 ria
1246 3487 1298 3529 s.
1361 3465 1618 3549 palmae
1678 3485 1970 3541 ramum,
2029 3463 2098 3525 d.
2158 3478 2389 3527 tenens
2455 3466 2588 3548 cly-

1091 3589 1329 3653 peum,
1375 3567 1481 3628 cui
1525 3556 1945 3650 inscriptumz
1991 3566 2260 3631 ANNO.
2305 3562 2581 3636 NOVO.

1090 3669 1533 3739 FAVSTVM.
1568 3684 1691 3731 etc.
1747 3682 1940 3753 atque
1983 3666 2148 3731 hanc
2197 3668 2582 3753 allegoriam

1090 3793 1225 3837 non
1284 3771 1488 3831 fuisse
1545 3789 1784 3833 recens
1844 3771 2210 3844 inventam,
2275 3771 2392 3833 sed
2449 3771 2581 3855 jam

1090 3872 1307 3955 primo
1362 3868 1804 3950 Augustorum
1861 3869 2121 3931 saeculo
2184 3885 2581 3955 usurpatam,

1042 4028 1055 4042 ,
1092 3971 1290 4034 docet
1317 3971 1585 4045 lucerua
1620 3968 1849 4033 similis
1887 3968 1954 4031 in
1986 3968 2347 4040 Herculani
2372 3970 2581 4039 ruinis

1093 4062 1360 4164 reperta
1392 4072 1475 4154 0).

1643 4283 1695 4324 r
1811 4236 1851 4276 ⁴⁵
1976 4285 2023 4325 e
2100 4250 2103 4253 ¹

1214 4364 1402 4445 Haec
1446 4376 1615 4445 festa
1662 4372 2045 4466 magnifico,
2106 4378 2418 4466 varioque
2470 4398 2581 4468 ap·

2334 433 2720 511 cAPvT
2801 373 3002 507 xlv,

2721 628 2985 698 paratu,
3052 627 3117 679 et
3169 614 3556 692 continuatis
3606 638 3722 705 per
3760 625 3956 707 plures
4002 629 4113 702 diss

2719 717 3098 780 muneribus
3131 716 3333 780 fuisse
3380 720 3733 801 celebrata,
3771 746 3847 790 ex
3876 742 4113 794 veterum

2719 820 2975 902 scriptis
3008 820 3456 904 intelligimus.
3500 825 3820 891 Paucahic
3852 832 4115 894 solumlu·

2717 921 2831 985 bet
2861 923 3183 1006 attingere
3205 966 3222 998 ,
3286 923 3521 1004 partim
3558 927 3699 1011 quia
3735 945 4110 1010 argumentum

2712 1026 2842 1088 hoe
2893 1025 3018 1107 jam
3089 1026 3345 1087 erudite
3399 1029 3701 1110 exposuit
3760 1017 4016 1109 Ncrisius
4049 1034 4113 1112 ὅ),

2710 1129 2943 1212 partim
2973 1126 3121 1212 quia
3140 1172 3157 1204 ,
3200 1128 3258 1188 si
3294 1128 3436 1212 quis
3456 1128 3518 1187 in
3542 1128 3986 1213 hisimperator
4011 1134 4109 1195 sive

2711 1228 3097 1311 sumptibus,
3136 1229 3277 1291 sive
3311 1243 3578 1315 stupore
3613 1233 3858 1293 modum
3878 1236 4112 1308 excessit,

2712 1331 2886 1392 istud
2919 1330 3048 1412 jam
3086 1329 3166 1392 ad
3202 1330 3376 1415 ipsos
3425 1330 3566 1412 ejus
3611 1354 3833 1397 numos
3862 1336 4114 1399 enarravi·

2713 1453 2878 1495 mus.
2919 1433 2976 1495 A
3014 1431 3348 1495 sacrificiis
3376 1433 3615 1496 factum
3650 1435 3919 1514 initium,
3956 1449 4010 1499 et
4032 1455 4112 1495 nu·

2715 1533 2805 1595 mi
2858 1533 3137 1611 (locent,
3200 1548 3267 1597 et
3311 1548 3613 1598 votorum
3664 1551 3879 1601 natura
3916 1557 4116 1621 persus·

2715 1634 2852 1698 det.
2936 1637 3119 1698 Haec
3163 1655 3494 1719 excepere
3541 1636 3681 1701 ludi
3713 1639 4036 1712 circenses,
4067 1648 4120 1699 st

2713 1739 3090 1802 theatrales.
3179 1740 3568 1822 panegyrici
3614 1761 3865 1824 quoque
3891 1740 3945 1800 in
3970 1740 4118 1822 impe·

2712 1853 3008 1902 ratorum
3044 1837 3269 1901 laudes
3305 1841 3597 1917 recitati,
3645 1862 3904 1924 quorum
3932 1841 4116 1922 aliquot

2711 1942 3044 2026 hodieque
3090 1957 3475 2024 supersunt,
3533 1944 3828 2023 Nazarii,
3865 1938 4118 2007 Mamerti·

2710 2045 2818 2121 ni,
2861 2042 3166 2118 Eusebii,
3213 2043 3582 2106 Themistii.
3683 2077 3688 2082 ·

3277 2257 3321 2296 st
3444 2209 3484 2249 *
3609 2259 3655 2299 ,0

2833 2347 3167 2425 Diximus,
3213 2350 3575 2434 Augustum
3598 2352 3829 2412 horum
3856 2350 4024 2412 fuisse
4047 2361 4119 2406 vo·

2709 2461 2923 2511 torum
2984 2464 3341 2512 auctorem.
3448 2452 3907 2536 Inquirendum
3958 2457 4120 2519 restat,

2710 2569 2837 2632 quo
2892 2550 3004 2612 illa
3063 2564 3366 2636 tempore
3434 2554 3816 2643 desiverint.
3897 2553 3983 2614 Ex
4030 2564 4121 2632 quo

2707 2651 2947 2714 insanis
3004 2651 3117 2716 illa
3177 2655 3542 2737 sumptibus
3605 2655 3834 2741 peragi
3883 2668 4121 2738 coepere,

2707 2751 2946 2816 deinde
2978 2756 3166 2819 etiam
3201 2741 3685 2842 multiplicari,
3727 2778 3870 2822 cum
3900 2779 3996 2821 sus
4017 2771 4122 2840 pro·

2706 2858 2845 2940 pria
2920 2857 3236 2922 haberent
3301 2862 3623 2944 Augusti,
3705 2858 4024 2931 Caesares,
4079 2864 4127 2916 et

2705 2960 3055 3042 conlegae,
3120 2961 3332 3024 serius
3391 2963 3585 3025 etiam
3634 2964 3960 3045 utriusque
3997 2955 4124 3021 orbis

2703 3061 3072 3143 principes,
3132 3064 3355 3145 gravia
3410 3064 3552 3125 sine
3590 3064 3796 3127 dubio
3840 3063 3948 3125 toti
3980 3062 4126 3140 impe-

2700 3163 2803 3225 rio
2850 3163 3262 3230 exstiterunt.
3345 3165 3672 3247 Legimus
3710 3164 3959 3249 quidem
3996 3177 4127 3245 prae·

2700 3276 2806 3325 ter
2852 3264 3306 3328 incredibilem
3367 3265 3434 3327 in
3496 3266 3607 3328 his
3653 3262 4127 3350 magnificentiam

2700 3365 2945 3447 amplas
3007 3368 3201 3430 etiam
3261 3368 3655 3451 largitiones
3698 3350 3784 3429 *in
3859 3364 4126 3452 populum,

2699 3466 3001 3533 donativa
3071 3469 3142 3533 iu
3216 3461 3457 3533 milite's
3521 3469 3738 3548 facta,
3815 3489 3937 3553 quo
3985 3461 4130 3527 modo

2698 3570 3023 3648 Severus,
3084 3570 3302 3633 multis
3353 3584 3536 3634 certe
3578 3573 3730 3657 ipse
3775 3565 4130 3633 modernior,

2696 3669 2764 3731 in
2797 3668 3259 3736 decennalibus
3298 3674 3427 3736 suis
3460 3674 3576 3737 Hs
3624 3674 3730 3736 bis
3766 3672 3991 3734 millies
4016 3663 4130 3728 effu-

2696 3770 2882 3836 derat
2925 3787 3092 3837 teste
3126 3777 3343 3837 Dione
3377 3784 3468 3858 ⁸)·,
3530 3790 3602 3839 at
3647 3776 3932 3862 legimus
3971 3769 4131 3839 ethni

2695 3889 2986 3959 sumptus
3026 3877 3322 3938 inanibus
3362 3878 3463 3939 his
3500 3878 3787 3940 ludicris
3817 3872 4132 3959 impenden-

2693 3975 2813 4040 dos
2853 3999 2889 4041 a
2936 3976 3226 4054 miseris,
3283 3980 3657 4065 attritisque
3706 3966 4132 4067 provinciisiu·

2689 4077 2821 4141 isse
2853 4078 3208 4164 imperatos
3234 4125 3250 4154 ,
3297 4079 3471 4166 quod
3515 4096 3774 4161 tantum
3819 4079 4005 4161 vulgo
4039 4092 4133 4134 m·

2688 4177 2828 4243 lum
2893 4194 2994 4245 est
3052 4180 3380 4259 habitum,
3440 4196 3514 4245 ut
3572 4197 3862 4248 auctore
3915 4172 4138 4242 Libanio
4219 4168 4222 4173 ’

2691 4281 3193 4366 quinquennalia
3278 4284 3877 4370 appropinquantia
3954 4281 4136 4341 horro-

2689 4397 2834 4446 rem
2883 4385 3113 4447 animis
3155 4384 3535 4467 injicerent,
3581 4387 3962 4451 seditiones
3987 4379 4139 4447 etim

1162 4614 1517 4687 a)=Lucern.
1549 4624 1665 4670 ant.
1692 4616 1753 4671 P.
1784 4598 1883 4671 11'1.
1924 4615 2044 4675 tab.
2078 4626 2131 4680 5.

1089 4704 1157 4780 d)
1200 4701 1275 4762 de
1309 4700 1450 4762 vot.
1490 4700 1618 4761 dec.
1657 4723 1785 4778 cap.
1823 4704 1866 4763 1.

2279 4617 2349 4688 b)
2386 4620 2637 4679 Lucet-n.
2672 4618 2789 4681 fict.
2824 4618 2948 4689 tab,
2977 4618 3088 4682 VI.

2015 4710 2074 4779 e)
2112 4707 2173 4765 1..
2215 4707 2475 4787 Lxxvt.
2519 4712 2567 4783 §-
2609 4726 2661 4769 1.

3245 4624 3300 4697 ο)
3335 4620 3607 4685 lucerne
3627 4616 3912 4687 ‘d·Er‹·:ol.
3942 4609 4140 4679 nahm-
