4388 5576
1421 428 1903 504 HELENA
1963 430 2477 505 IVLIANI.

395 618 538 705 Phe
575 616 748 681 alind
780 636 918 677 non
958 611 1176 688 docet,
1213 631 1403 695 quam
1438 633 1704 675 numum
1732 613 1907 676 hunc

401 721 553 787 viva
585 720 846 808 Helena
879 715 1083 778 fuisse
1115 713 1467 796 signatum,
1514 714 1689 798 quod
1726 728 1792 775 et
1819 714 1904 775 de

399 821 835 909 sequentibus
882 817 1256 902 notandum.

530 926 784 987 Nnmus
812 924 894 989 V.
923 925 990 981 in
1020 934 1206 1004 parte
1238 937 1466 983 aversa
1499 917 1906 1001 epigraphen

396 1041 476 1091 et
526 1037 756 1110 typum
812 1023 1013 1088 offert
1071 1021 1334 1084 obvium
1373 1019 1438 1079 in
1485 1021 1904 1082 Diocletiano

396 1143 472 1192 et
508 1127 846 1210 conlegis,
893 1139 958 1188 et
1007 1145 1154 1187 cum
1204 1122 1627 1187 Constantino
1665 1125 1756 1184 M.
1794 1122 1907 1185 de·

396 1232 772 1306 sinentem,
816 1243 886 1291 ut
919 1227 1089 1290 adeo
1123 1225 1339 1290 eidem
1374 1226 1673 1288 Helenae
1710 1225 1905 1289 chlo-

391 1334 462 1397 ri
504 1332 706 1396 adimi
751 1332 858 1394 vix
902 1330 1129 1414 possit.
1553 1382 1560 1389 ,
1605 1344 1620 1352 ’
1679 1400 1688 1408 .

531 1437 732 1496 Numi
770 1435 1071 1504 loco.V1.
1110 1431 1425 1512 descripti
1468 1443 1760 1517 spectato
1805 1451 1905 1493 ca·

390 1541 558 1625 pitis
606 1537 822 1612 cultu,
881 1551 949 1598 et
991 1534 1164 1596 notis
1214 1533 1386 1595 infra
1436 1534 1665 1616 positis
1711 1531 1903 1594 aliam

391 1663 441 1704 a
495 1640 941 1725 praecedente
994 1638 1320 1700 Helenam
1375 1636 1518 1697 sine
1573 1635 1772 1698 dubio
1824 1636 1904 1696 si-

391 1757 615 1820 stunt,
657 1762 940 1826 cumque
976 1740 1100 1802 hae
1127 1735 1419 1822 ejusdem
1457 1739 1584 1800 sint
1613 1739 1904 1812 rationis,

389 1847 585 1931 cujus
626 1844 824 1920 illae,
871 1829 1037 1927 quae
1083 1842 1150 1903 in
1200 1843 1430 1904 Iuliani
1478 1854 1739 1902 moneta
1790 1839 1905 1901 ob·

390 1960 784 2022 servantur,
862 1944 1223 2008 verisimile
1289 1959 1420 2022 est,
1482 1963 1716 2005 numos
1779 1942 1903 2003 hos

391 2052 596 2134 hujus
639 2051 833 2113 uxori
875 2049 1171 2111 Helenae
1216 2047 1622 2110 tribuendos.
1686 2044 1902 2121 Adde,

389 2156 716 2236 scriptum
756 2152 823 2212 in
861 2150 960 2210 his
994 2143 1530 2215 REIPVBLICE
1565 2165 1690 2234 pro
1722 2149 1901 2210 REI-

387 2255 839 2321 PVBLICAE
881 2254 949 2314 in
1001 2253 1186 2314 nullo
1239 2250 1452 2313 adhuc
1497 2251 1901 2313 Constantini

383 2361 490 2424 Η.
530 2378 731 2422 numo
778 2353 1226 2428 observatum,
1273 2368 1337 2417 at
1380 2367 1532 2438 post
1573 2354 1746 2415 hunc
1790 2353 1898 2416 de-

389 2483 575 2522 mum
624 2458 1009 2533 invaluisse,
1070 2477 1144 2518 ac
1181 2477 1377 2539 saepe
1425 2476 1782 2537 occurrere
1829 2456 1896 2516 in

389 2575 663 2624 moneta
753 2560 1008 2623 iuliani.
1096 2559 1400 2644 Denique
1491 2557 1898 2640 epigraphen

393 2665 916 2730 SEchTAS.
959 2663 1309 2731 REIPVB.
1348 2663 1415 2726 in
1451 2660 1665 2722 numis
1705 2659 1897 2742 hujus

389 2766 675 2852 Augusti
724 2765 1025 2829 novimus
1071 2783 1217 2826 esse
1266 2764 1547 2829 obviam.

524 2872 777 2932 Numus
815 2870 924 2930 111.
960 2868 1443 2933 FELICITAS.
1476 2862 1902 2930 AVGVSTA,

392 2973 529 3035 utri
560 2972 863 3036 Helenae
913 2970 1265 3047 debeatur,
1308 2970 1504 3053 plane
1550 2969 1899 3057 incertum,

391 3095 545 3137 cum
606 3076 773 3137 haec
836 3071 1196 3155 epigraphe
1237 3091 1524 3154 prorsus
1569 3072 1666 3152 ²sit
1707 3090 1898 3159 nora.

391 3178 666 3241 Interim
735 3174 1157 3241 verisimilius
1221 3174 1520 3248 videtur,
1594 3173 1896 3236 Helenae

396 3278 628 3342 Chlori
664 3278 1107 3341 tribuendum.

523 3383 808 3444 Numum
862 3382 1038 3455 vu„
1099 3381 1167 3440 in
1214 3377 1396 3461 cujus
1441 3368 1650 3440 antica
1692 3376 1898 3439 Hele-

388 3501 478 3544 na
534 3484 965 3556 Nobili-asima
1019 3481 1289 3544 Femina
1351 3480 1625 3554 dicitur,
1696 3492 1766 3542 et
1826 3478 1894 3539 in

383 3604 618 3650 aversa
653 3585 836 3648 sidus
870 3584 1040 3647 intra
1079 3602 1387 3646 coronam
1429 3582 1684 3657 visitur,
1729 3583 1898 3644 Ban-

3252 467 3259 474 '
3373 451 3514 524 1145

2025 611 2283 698 durius,
2329 628 2400 676 ut
2434 613 2745 691 diximus,
2789 599 3088 678 Helenae
3123 593 3336 702 Crispi
3368 641 3518 703 pro·

2024 716 2241 799 prium
2280 715 2474 791 facit,
2516 730 2587 779 et
2628 737 2753 800 per
2788 718 2997 803 ipsum
3046 720 3219 782 hunc
3255 722 3519 783 titulum

2024 838 2171 880 esse
2241 820 2539 882 Helenae
2604 819 2836 882 Iuliani
2891 833 3119 902 negat,
3191 823 3519 906 quoniam,

2025 933 2094 983 ut
2139 922 2261 997 ait,
2320 923 2384 982 in
2446 942 2634 984 more
2696 922 2853 983 olim
2912 923 3193 1006 positum
3234 924 3403 1001 suit,
3447 938 3522 985 ut
3594 931 3599 944 '

2021 1026 2318 1105 Augusto
2363 1038 2539 1100 nata,
2587 1025 2642 1084 si
2684 1024 2947 1087 Caesari
2987 1025 3346 1110 nupsisset,
3389 1023 3521 1090 Διί·
3634 1049 3635 1052 ’
3738 1055 3743 1060 ·

2019 1139 2209 1212 gusta
2270 1126 2746 1209 appellaretur,
2810 1141 2871 1189 at
2931 1118 3352 1191 Nobilissima
3394 1131 3523 1194 Fe·

2021 1227 2193 1287 mina
2213 1271 2228 1301 ‚
2279 1229 2330 1288 si
2368 1248 2490 1311 qua
2521 1228 2874 1294 inferiores
2906 1229 3128 1292 habuit
3159 1233 3405 1297 natales
3438 1234 3522 1314 ⁸).

2025 1329 2221 1424 Quod
2270 1351 2398 1413 ego
2447 1329 2757 1409 iudicium
2802 1351 2936 1394 non
2979 1332 3333 1416 impugno,
3398 1335 3524 1399 etsi

1969 1489 1974 1497 ,
2022 1430 2363 1512 dubitem,
2412 1432 2768 1496 universim
2813 1434 2987 1497 hunc
3040 1445 3293 1498 morem
3343 1438 3522 1501 valu-

2019 1533 2172 1596 isse.
2261 1537 2481 1618 Typus
2550 1535 2813 1616 quidem
2895 1538 3051 1598 astri
3124 1536 3521 1621 suffragatur

1967 1685 1972 1690 ,
2019 1636 2320 1699 Helenae
2365 1636 2625 1712 Iuliani,
2692 1638 2841 1722 quia
2877 1658 3023 1699 cum
3060 1640 3258 1700 simili
3291 1662 3522 1705 aversa

2018 1737 2335 1800 habemus
2381 1759 2612 1801 numos
2654 1741 2884 1802 Iuliani
2927 1741 3257 1816 Caesaris,
3303 1754 3523 1804 tamen

2020 1843 2129 1902 vix
2174 1839 2480 1918 credam,
2527 1844 2678 1906 huic
2726 1842 3026 1905 Helenae
3077 1843 3356 1926 Augusti
3403 1865 3519 1906 no-

2019 1941 2213 2002 minis
2268 1941 2591 2006 honorem
2653 1946 2853 2006 fuisse
2907 1957 3253 2027 negatum}
3319 1958 3390 2005 ut
3444 1947 3514 2005 in

2020 2043 2161 2127 ejus
2219 2044 2348 2107 vita
2401 2046 2561 2114 dixi.
2621 2049 2848 2110 Potest
2900 2067 3064 2128 ergo
3119 2048 3226 2109 hic
3280 2067 3516 2109 numus

2016 2148 2317 2210 Helenae
2357 2150 2569 2233 Crispi
2607 2139 2931 2234 permitti,
2974 2149 3327 2232 praecipue
3366 2168 3516 2209 cum

2019 2249 2250 2312 similia
2318 2251 2401 2312 sit
2457 2274 2659 2314 numo
2720 2224 2996 2314 Faunae
3054 2250 3521 2314 Nobilissimae

2016 2353 2364 2431 Feminae,
2398 2376 2585 2440 quam
2617 2354 2971 2424 verisimile
3001 2366 3100 2416 est
3128 2352 3329 2438 fnisse
3360 2374 3517 2415 uxo·

2016 2473 2161 2518 rem
2191 2456 2382 2519 unius
2419 2479 2500 2519 ex
2535 2456 2936 2520 Constantini
2969 2458 3060 2522 Μ.
3089 2454 3268 2532 filiis,
3312 2469 3385 2519 ut
3418 2455 3512 2516 di-

2015 2557 2227 2621 ximus
2262 2574 2406 2641 post
2439 2581 2671 2623 numos
2699 2557 3059 2622 Constantii
3087 2561 3167 2620 11.
3216 2558 3350 2621 Sed
3381 2576 3515 2623 me·

2015 2660 2322 2734 mineris,
2389 2662 2637 2737 lector,
2675 2660 2892 2725 -valde
2960 2681 3105 2721 esse
3167 2661 3514 2738 incertum,

2015 2779 2235 2827 utrum
2284 2763 2497 2849 Crispi
2544 2765 2735 2828 uxori
2779 2781 3020 2826 nomen
3064 2759 3267 2825 fuerit
3308 2763 3513 2826 Hele·
3622 2821 3629 2827 .

2012 2889 2169 2942 nae,
2218 2882 2291 2930 ut
2330 2869 2396 2929 in
2442 2871 2562 2931 hac
2609 2869 2850 2931 monui.
3061 2864 3066 2869 ⁴

2139 2971 2245 3033 Ex
2283 2972 2381 3034 his
2420 2967 3068 3053 ergo-probabilibus
3105 2966 3349 3042 causis,
3397 2965 3513 3030 do-

2012 3090 2140 3134 nec
2184 3074 2506 3136 certiores
2553 3073 2716 3134 aliae
2763 3070 3106 3149 accedant,

2143 3180 2430 3239 Helenae
2474 3180 2687 3239 Chlori
2743 3187 2935 3235 erunt
2976 3170 3158 3233 numi
3210 3193 3235 3230 1
3261 3216 3277 3246 ‚
3327 3188 3402 3245 2,
3446 3180 3508 3247 4,

2012 3279 2206 3353 5‚‘et
2251 3277 2423 3338 sorte
2468 3278 2532 3340 3.

2025 3428 2036 3435 ae
2139 3383 2439 3441 Helenae.
2473 3382 2683 3459 Crispi
2726 3396 2959 3438 numus
3003 3399 3066 3457 7.

2007 3490 2010 3493 ’
2093 3475 2099 3481 ’
2138 3470 2427 3543 ΗεΙεηᾶσ
2466 3484 2715 3542 Iuliam·
2774 3477 2955 3539 numi
2996 3493 3273 3538 numero
3316 3475 3355 3536 ὁ
3401 3473 3512 3565 de·

2013 3582 2264 3664 scripti.

1470 3901 2417 3944 ..w—„-

1781 4364 1882 4430 l“

379 4522 3497 4563 ffi———ssw—h—-ss———a

456 4603 520 4672 a)
563 4601 732 4656 Tum.
767 4599 840 4656 11.
879 4619 1018 4675 pag.
1056 4611 1180 4664 325.

632 4694 809 4769 (Vol.
864 4694 1077 4770 VIII.)
