4388 5576
1040 607 1192 679 AD
1258 604 1834 725 vonanN
1904 604 2509 702 QVARTVM.
3225 618 3321 699 1⁴9

242 775 402 836 tasus
450 792 488 857 9
533 774 796 838 circiter
842 773 1145 838 milliaria
1188 775 1267 838 ab
1310 774 1585 860 Algerio
1633 773 1727 836 di-

240 890 411 938 stans
456 890 722 959 reperta
775 888 876 938 est
918 877 1189 959 insignis
1237 878 1444 942 series
1498 898 1727 940 numo-

236 998 379 1040 rum
424 992 886 1062 argenteorum
929 978 1121 1059 hujus
1156 978 1558 1054 Ptolemaei,
1612 978 1725 1061 qui

237 1099 460 1143 omnes
499 1080 566 1140 in
600 1099 897 1143 museum
934 1079 1031 1146 ill.
1057 1080 1334 1142 Baronis
1375 1079 1456 1141 de
1492 1081 1726 1142 S'chel-

234 1181 548 1244 lersheim
592 1185 930 1245 Musarum
973 1194 1344 1246 nostrarum
1393 1201 1727 1264 peraman-

232 1283 313 1343 tis
394 1283 930 1365 commigrarunt.
1022 1283 1197 1349 Anni
1265 1282 1365 1345 his
1430 1282 1728 1365 inscripti

235 1396 416 1445 sunt:
479 1384 565 1448 R.
614 1383 699 1449 A.
744 1386 825 1450 V.
872 1385 982 1450 VI.
1027 1386 1172 1451 VII.
1229 1385 1403 1451 Vm.
1449 1385 1530 1446 X.
1577 1385 1723 1452 ΧΠ.

231 1484 404 1550 xm.
438 1484 615 1549 XIV.
645 1485 791 1552 XV.
827 1486 1002 1554 XVI.
1037 1485 1246 1553 XVII.
1274 1486 1542 1553 XVIIII.
1587 1487 1726 1551 Eos

234 1606 460 1647 omnes
497 1585 914 1668 conscripsit,
966 1598 1038 1648 et
1077 1587 1214 1650 aeri
1257 1586 1498 1650 incisos
1544 1587 1727 1650 dedit

190 1724 197 1729 -
228 1689 316 1755 cl.
349 1687 544 1753 abbas
584 1687 895 1750 Sestinus.
942 1688 1246 1769 (Lettere
1278 1691 1355 1754 T.
1376 1691 1455 1756 V.
1489 1712 1553 1772 p.
1580 1691 1725 1768 IX.)

232 1788 399 1871 Typi
454 1787 618 1849 nihil
677 1803 785 1850 aut
845 1788 1158 1852 hactenus
1210 1790 1542 1872 ignotum,
1618 1805 1727 1854 aut

220 1889 406 1951 'aliud
481 1890 643 1975 quid
717 1889 1026 1952 eximium
1099 1890 1423 1969 offerunt,
1506 1913 1726 1975 neque

230 1992 426 2056 etiam
482 1991 762 2056 varietas
822 2001 1174 2070 annorum,
1246 2013 1392 2055 cum
1440 1993 1581 2076 ejus
1624 2014 1732 2056 re-

229 2116 429 2179 gnum
471 2093 539 2153 in
584 2114 819 2155 annum
851 2094 1027 2159 XXI.
1068 2094 1421 2159 duraverit.
1477 2098 1727 2158 Tamen

226 2208 439 2258 tantus
488 2195 678 2257 unius
731 2194 910 2277 regis
969 2216 1314 2258 numorum
1376 2217 1722 2274 numeruS,

228 2297 340 2381 qui
380 2294 740 2379 generatim
775 2298 1037 2379 perrari
1067 2312 1253 2375 sunt,
1303 2297 1495 2360 etiam
1531 2298 1721 2380 regio

228 2397 519 2480 cuipiam
570 2386 800 2459 museo
859 2398 1115 2462 illustre
1172 2413 1401 2486 posset
1455 2398 1719 2463 adferre

226 2512 677 2564 armamentum
721 2501 811 2581 ⁸).

578 2687 654 2749 P.
684 2684 822 2750 163.
859 2687 985 2753 col.
1019 2703 1080 2751 2.
1115 2688 1236 2751 lin.
1270 2707 1366 2772 ιι).

349 2795 782 2891 Posteaquam
824 2806 987 2871 baec
1025 2808 1196 2891 typis
1236 2807 1531 2871 mandata
1579 2805 1723 2868 fue-

218 2931 331 2984 re,
375 2911 615 2973 sactum
651 2909 910 2973 favente
944 2908 1202 2985 fortuna
1224 2955 1241 2986 ,
1294 2924 1366 2971 ut
1399 2910 1466 2969 in
1498 2910 1719 2971 locum

224 3009 485 3089 Polybii
518 3008 899 3086 inciderem,
932 3010 1044 3092 qui
1073 3011 1252 3072 numi
1278 3010 1469 3094 hujus
1500 3001 1719 3073 locum

226 3113 509 3174 natalem
546 3109 1061 3192 nullo'amplius‚
1096 3123 1167 3170 ut
1202 3130 1420 3190 spero,
1453 3111 1719 3172 residuo

233 3212 433 3274 dubio
472 3210 733 3274 stabilit.
777 3212 1013 3271 Narrat
1047 3209 1100 3271 is
1135 3210 1332 3291 (Hist.
1368 3211 1446 3272 L.
1466 3212 1515 3270 1.
1552 3231 1608 3275 c.
1627 3211 1722 3291 8.)

226 3314 451 3395 copias
514 3313 1064 3394 Syracusanorum
1131 3311 1482 3388 militares,
1559 3331 1722 3394 quae

231 3415 406 3498 apud
430 3417 799 3496 Merganen
834 3417 992 3494 (περι
1026 3435 1131 3487 την
1162 3409 1534 3497 Μερεγανην)
1574 3412 1727 3474 hae-

221 3518 497 3594 rebant,
546 3515 804 3579 collisas
840 3536 988 3577 cum
1022 3513 1147 3590 iis,
1180 3534 1345 3598 quae
1388 3514 1724 3596 Syracusis

226 3634 508 3694 stetere,
545 3617 839 3680 delectos
868 3638 906 3679 e
940 3637 1057 3678 suo
1086 3637 1362 3679 numero
1393 3617 1729 3700 magistra-

223 3737 331 3786 tus
362 3720 686 3786 creavisse
710 3718 1204 3781 Artemidorum
1240 3732 1308 3781 et
1335 3719 1723 3796 Hieronem,

1841 796 1992 839 eum
2025 775 2257 859 ipsum,
2292 773 2402 857 qui
2439 784 2664 856 postea
2699 792 2976 856 regnum
3009 773 3178 859 apud
3209 775 3322 857 Sy-

1837 898 2186 941 racusanos
2233 875 2530 939 obtinuit.
2561 875 2863 938 -Factum
2916 877 3088 938 istud
3108 921 3124 953 ,
3147 916 3162 929 .
3192 897 3320 960 quo

1834 994 2146 1065 tempore
2167 976 2540 1040 Mamertini
2583 999 2627 1040 a·
2655 977 2897 1040 Poenis
2938 977 3151 1060 pressi
3192 980 3325 1041 Ro·

1836 1101 2175 1144 manorum
2257 1078 2655 1162 praesidium
2727 1100 3092 1162 recepere,
3158 1100 3322 1164 quae

1837 1183 1963 1244 fuit
2003 1182 2167 1243 belli
2201 1181 2433 1243 Punici
2469 1183 2519 1242 1.
2557 1200 2767 1244 causa.
2815 1182 2979 1244 Cum
3017 1181 3173 1244 urbs
3207 1181 3325 1244 hu-

1837 1285 1940 1365 jus
1991 1282 2273 1345 nominis
2328 1303 2368 1343 a·
2406 1280 2676 1342 nemine
2720 1294 3020 1344 veterum
3068 1281 3325 1367 prodita

1837 1383 2229 1467 reperiatur,
2263 1380 2651 1447 existimavit
2678 1383 3094 1446 Casaubonus
3116 1383 3182 1445 iu
3215 1405 3328 1447 sua

1838 1484 1922 1548 ad
1954 1486 2126 1548 hunc
2158 1486 2380 1547 locum
2416 1498 2608 1563 nota,
2644 1503 2769 1566 pro
2805 1485 3138 1563 Mergane
3172 1486 3331 1548 scri-

1838 1587 2126 1651 bendum
2159 1590 2582 1669 Morgentia.
2638 1584 2770 1646 Sed
2808 1584 3149 1649 Cluverius
3188 1588 3331 1649 Me-

1834 1712 2010 1773 gara
2059 1688 2302 1752 maluit.
2357 1686 2677 1749 Cellarius
2736 1686 2876 1768 ejus
2930 1687 3332 1750 mentionem

1836 1813 1971 1854 non
2008 1790 2200 1867 fecit,
2260 1787 2433 1850 haud
2468 1786 2695 1861 dubie,
2742 1786 2887 1869 quia
2924 1787 3022 1847 illi
3068 1810 3326 1872 quoque

1837 1892 2002 1953 haec
2049 1890 2253 1953 lectio
2293 1902 2591 1973 suspecta
2638 1888 2771 1953 visa
2803 1888 3026 1954 fuerit.
3087 1890 3328 1952 Melius

1842 1991 2470 2074 Seliweighauserus
2532 1990 2601 2051 in
2661 1988 3010 2053 novissima
3072 2014 3186 2053 sua
3250 2013 3324 2055 ae

1837 2095 2174 2178 praeclara
2205 2115 2356 2156 sane
2378 2092 2641 2175 Polybii
2659 2090 2952 2154 editione
2971 2092 3133 2153 nihil
3162 2093 3227 2153 in
3250 2114 3330 2155 eo

1836 2195 2158 2262 vocabulo
2196 2194 2570 2258 mutandum
2602 2194 2891 2271 censuit,
2934 2194 3082 2277 quia
3113 2196 3331 2256 nullus

1836 2298 1905 2358 in
1938 2319 2020 2362 eo
2058 2311 2326 2381 apparet
2369 2296 2667 2379 codicum
2704 2295 3067 2373 dissensus,
3111 2317 3329 2381 neque

1838 2400 2032 2463 etiam
2066 2399 2241 2481 ejus,
2278 2399 2389 2483 qui
2419 2413 2521 2462 est
2557 2397 2623 2459 in
2659 2397 3060 2461 bibliotheca
3095 2399 3326 2460 Caesa-

1832 2523 1985 2579 rea,
2047 2522 2242 2584 quem
2292 2499 2610 2563 consului.
2670 2497 2852 2559 Nihil
2898 2499 3099 2581 igitur
3150 2498 3330 2559 dubii

1836 2616 2170 2686 superest,
2233 2602 2389 2686 quin
2437 2601 2846 2686 praeclarum
2908 2598 3082 2662 istud
3135 2623 3336 2682 κειμη-

1835 2709 1997 2782 λιον,
2045 2718 2111 2767 et
2147 2717 2425 2788 propter
2462 2722 2690 2764 omnes
2726 2714 3021 2763 remotae
3060 2703 3334 2786 antiqui-

1832 2809 1981 2871 tatis
2014 2821 2202 2869 notas
2233 2809 2426 2890 plane
2458 2803 2847 2887 spectabile,
2883 2804 3187 2888 quodque
3218 2827 3335 2888 pe·

1833 2910 2099 2973 ritiores
2137 2928 2366 2971 omnes
2400 2906 2612 2990 primo
2655 2903 2965 2988 adspectu
3005 2927 3150 2969 esse
3189 2929 3334 2990 par-

1836 3025 1973 3074 tum
2028 3010 2325 3073 Siculum
2375 3009 2864 3091 conjectavere,
2924 2999 3057 3070 non
3105 3008 3334 3084 modo,

1840 3112 2017 3194 quod
2051 3125 2388 3191 repertum
2420 3110 2545 3171 suit
2576 3111 2643 3169 in
2681 3109 2935 3186 Sicilia,
2981 3107 3100 3172 sed
3136 3111 3331 3173 etiam

1843 3205 2019 3294 quod
2052 3224 2354 3273 monetae
2387 3210 2643 3271 Siculae
2683 3208 3162 3292 antiquissimae
3200 3233 3337 3274 mo-

1842 3310 1962 3373 dos
1999 3332 2228 3373 omnes
2264 3309 2493 3388 offert,
2540 3309 2937 3392 Polybianae
2971 3310 3122 3372 huic
3160 3315 3335 3374 Mer-

1840 3434 2043 3497 ganae
2092 3412 2435 3496 proprium
2485 3426 2858 3476 statuamus.
2911 3414 3122 3496 Hujus
3170 3435 3331 3497 ergo

1837 3515 2020 3576 numi
2089 3514 2416 3578 beneficio
2485 3529 2552 3576 et
2612 3536 2757 3577 rem
2822 3515 3333 3578 numismaticam

1837 3635 2006 3679 nova
2048 3616 2214 3678 urbe
2256 3615 2595 3706 auximus,
2652 3630 2720 3678 et
2755 3616 3110 3680 lectionem
3143 3609 3337 3701 Poly-

1839 3717 2095 3781 bianam
2131 3717 2654 3782 confirmavimus
2683 3715 2775 3800 b).

302 3949 364 4019 a)
406 3945 480 4000 Hi
511 3944 677 4000 numi
704 3950 943 4019 praesto
973 3954 1110 3999 sunt
1140 3943 1199 3999 in
1232 3944 1435 4001 Museo
1472 3944 1643 4001 Caes.
1669 3942 1815 4018 Regr.
1836 3940 2255 4001 vindobonae.

292 4036 365 4109 b)
407 4036 475 4093 In
509 4035 665 4090 notis
698 4031 1116 4108 manuscriptis
1155 4032 1422 4089 defuncti
1447 4032 1701 4092 Abbatis
1736 4032 2048 4089 Neumann
2076 4033 2151 4089 de
2181 4032 2298 4090 hac
2327 4050 2392 4088 re
2421 4033 2731 4110 sequentia
2759 4032 3065 4109 leguntur:

366 4128 691 4202 Mer-gana.-
728 4125 1091 4182 Memoratur
1114 4121 1366 4200 Polybio
1396 4123 1460 4181 L.
1489 4125 1535 4183 I.
1571 4143 1621 4182 e.
1651 4122 1810 4181 VIII.
1845 4134 1906 4179 et
1936 4122 2177 4180 consule
2210 4136 2701 4180 commentatores
2732 4144 2898 4180 meae
2931 4125 3173 4199 quidem
3207 4125 3331 4181 cdi·

210 4215 400 4272 tionis
435 4214 853 4271 Casaubonum
888 4213 1071 4271 P.111.
1107 4233 1168 4289 p.
1194 4224 1316 4274 127.
1354 4225 1411 4269 et
1441 4212 1799 4270 Palmerium
1834 4210 1873 4267 l.
1908 4233 1965 4270 c.
1990 4232 2050 4288 p.
2072 4224 2198 4278 584.
2253 4214 2410 4274 Vide
2461 4213 2635 4271 etiam
2680 4213 3050 4289 Stephanum
3089 4215 3228 4290 Byz.
3275 4215 3338 4270 in

213 4294 566 4381 Μοᾳγυνα,
604 4314 661 4358 et
692 4302 983 4359 IIolstenii
1014 4316 1187 4359 notas
1220 4303 1301 4359 ad
1332 4303 1488 4360 hanc
1519 4304 1730 4361 urbem
1762 4313 1821 4358 ct
1857 4301 1937 4358 ad
1965 4295 2387 4384 Μοςκγεντιοη
2425 4303 2567 4360 item
2600 4302 2931 4368 cellarium,
2954 4323 3014 4378 p.
3035 4314 3166 4368 812.

368 4392 523 4449 Huic
552 4390 710 4458 urbi,
742 4391 863 4448 sive
899 4391 1012 4448 alia
1040 4393 1148 4462 sit,
1179 4392 1317 4450 sive·
1338 4392 1548 4450 cadem
1579 4410 1730 4470 quae
1765 4390 2095 4466 Morgentia
2114 4432 2131 4458 ‚
2159 4391 2511 4451 tribuendus
2543 4393 2784 4451 videtur
2808 4391 3060 4449 celebris
3084 4393 3185 4450 ille
3217 4416 3334 4452 ma-

206 4485 410 4542 ximae
438 4479 748 4539 vetustatis
780 4493 1091 4556 argenteus
1126 4501 1259 4540 cum
1295 4502 1389 4559 ep.
1421 4483 1597 4544 MEP.
1639 4482 1853 4540 Omnia
1883 4479 2207 4538 bellissime
2235 4483 2612 4558 conspirant,
2649 4481 2699 4539 si
2734 4482 2916 4540 modo
2945 4485 3110 4542 numi
3141 4470 3334 4544 numia

210 4581 660 4647 comparentur.
715 4570 940 4627 Confer
966 4571 1166 4647 itaque
1199 4572 1429 4628 Naxum
1468 4571 1717 4632 Huuteri
1751 4574 1821 4629 Τ.
1849 4583 1939 4644 39.
1976 4590 2036 4627 n.
2058 4570 2229 4640 XV.‚
2270 4577 2438 4646 cujus
2492 4572 2734 4649 quidem
2771 4573 2899 4650 typi
2931 4574 3178 4646 diversi,
3227 4580 3337 4634 sed

210 4662 471 4720 med-em
503 4660 853 4737 peristases‚
907 4679 1060 4737 quae
1095 4660 1362 4719 alterumx
1377 4662 1531 4718 MEP
1570 4662 1836 4737 eiusdem
1870 4661 2131 4737 patriae,
2166 4662 2288 4719 imo
2320 4662 2550 4720 vicinae
2588 4662 2755 4720 urbis
2785 4663 3078 4722 indicant..
3110 4666 3188 4723 Μ
3208 4687 3329 4728 ma-

208 4753 312 4830 gis
342 4752 517 4807 etiam
542 4750 767 4807 indicat
792 4749 942 4806 alter
954 4750 1103 4806 Naxi
1129 4769 1340 4808 numus
1369 4771 1400 4807 e
1427 4753 1762 4809 Burmanno
1788 4751 2007 4827 petitus
2038 4770 2071 4806 a
2098 4752 2490 4810 Torremuzza
2517 4754 2586 4810 T.
2604 4752 2755 4811 LIII.
2775 4774 2833 4812 n.
2852 4766 2906 4817 5.
2923 4795 2940 4822 ,
2969 4758 3135 4830 cujus
3161 4776 3324 4813 aver-

208 4861 321 4901 sae
356 4853 530 4920 typus
565 4841 798 4917 egregie
831 4841 1011 4915 juvat.
1077 4839 1231 4897 Hinc
1266 4859 1409 4917 ergo
1443 4855 1610 4919 patet
1648 4861 1899 4899 numum
1932 4841 2240 4916 signatum
2268 4843 2334 4900 in>
2366 4844 2630 4920 quadam
2666 4842 2816 4901 urbe
2859 4844 2978 4901 sita.
3014 4847 3329 4906 in‘eadem

2767 4937 2830 4998 G
