4388 5576
1017 489 1171 564 AD
1242 486 1817 565 voLvMEN
1885 486 2540 563 SEPTIMVM..
3242 510 3332 576 57

255 656 349 721 δια
397 680 730 737 numos-:rm
791 678 910 723 τω»
959 674 1298 742 συνοικιωι,
1358 662 1600 742 ξυλειας
1657 682 1726 721 τε

253 764 483 837 πληθος
522 764 888 837 suanam».
949 762 1059 843 (L.
1093 765 1237 831 vn.
1274 765 1343 827 in
1379 764 1562 845 fine.)
1621 763 1728 823 De

252 859 660 931 Praetextato
728 863 849 927 sub
927 865 1382 931 Valentiniano
1437 870 1488 932 1.
1545 864 1727 926 urbis

250 964 583 1048 praefecto
610 980 829 1030 namt
855 967 1260 1046 Ammianus,
1296 969 1406 1051 (L.
1427 967 1730 1048 XXVII.)

250 1086 389 1130 eum
434 1069 807 1132 Maeniana
839 1071 1196 1133 sustulisse
1240 1073 1485 1145 omnia,
1506 1070 1734 1151 fabri·

252 1174 384 1239 cari
432 1170 688 1233 Romae
724 1174 969 1251 priscis
1012 1190 1266 1250 quoque
1317 1175 1529 1233 vetita
1569 1170 1735 1251 legi-

244 1271 379 1333 bus.
450 1272 600 1333 Non
635 1270 896 1349 dubito,
942 1273 1435 1336 Maenianorum
1464 1270 1732 1333 nomi-ne

242 1370 519 1455 intelligi
553 1370 622 1433 id
652 1372 895 1457 ipsum,
952 1373 1128 1460 quod
1162 1375 1292 1438 hoc
1329 1356 1483 1438 loeo
1516 1376 1735 1438 Hero-

244 1472 463 1536 dianus
493 1473 757 1554 ligneas
775 1477 1190 1558 profecturas
1218 1489 1430 1543 vocat.
1464 1476 1577 1539 Ait
1604 1477 1731 1540 Fe·

242 1588 369 1638 stus
424 1574 575 1658 (snb
628 1576 1066 1659 Maeniana)=
1126 1579 1501 1642 Maeniana
1549 1580 1728 1643 aedi·

219 1676 388 1763 ficia
422 1698 465 1739 a
497 1678 778 1741 Maenio
821 1693 981 1742 sunt
1013 1681 1352 1764 appellata
1368 1700 1392 1761 3
1453 1683 1518 1744 is
1545 1681 1727 1743 enim

231 1781 481 1859 primus
525 1781 711 1842 ultra
760 1783 1105 1845 columnas
1151 1783 1458 1846 extendit
1497 1783 1746 1866 tigna,

240 1898 361 1959 quo
382 1882 861 1960 ampliarentur
885 1885 1273 1965 superiora.-
1291 1884 1389 1946 Es
1410 1880 1696 1947 Isidorus
1706 1904 1742 1947 2-

242 1980 453 2067 (Ox-ig.
478 1983 555 2043 L.
593 1982 737 2051 XV.
774 2003 832 2048 o.
858 1983 955 2066 3.)
1007 1985 1429 2050 Maenianus
1470 1988 1731 2069 collega

246 2085 469 2147 Crassi
514 2085 589 2146 in
619 2083 785 2164 foro
817 2085 1102 2167 projecit
1134 2088 1482 2163 materias,
1522 2099 1599 2150 ut
1631 2109 1730 2150 es·

235 2196 381 2249 sent
421 2184 605 2261 loca,
658 2187 732 2247 in
778 2187 1019 2265 quibus
1058 2198 1433 2271 spectantes
1462 2189 1728 2251 insiste-

233 2298 410 2360 rent,
428 2288 441 2300 '
457 2304 629 2364 quae
659 2304 750 2349 esc
780 2290 1048 2350 nomine
1078 2288 1219 2364 ejus
1246 2288 1585 2353 Maeniana
1606 2292 1725 2374 'ap-

226 2386 485 2467 pellata
516 2396 639 2450 est.
700 2386 889 2449 Haec
918 2399 989 2450 et
1013 2386 1271 2466 solaria,
1306 2395 1470 2468 quia
1490 2403 1727 2474 patent

232 2488 372 2550 soli
386 2504 405 2561 3
440 2499 597 2569 post
630 2488 797 2550 haee
828 2489 955 2553 alii
980 2488 1253 2572 lapidor
1282 2493 1414 2556 alii
1438 2494 1745 2554 materia·

232 2585 589 2672 aedificare
609 2590 988 2670 porticibus
1017 2591 1420 2671 Maeniana,
1477 2605 1544 2655 et
1548 2593 1732 2675 fon·-

226 2690 354 2752 bus
385 2701 457 2752 et
487 2691 794 2753 domibus
819 2691 1222 2769 adjecerunt.
1279 2693 1497 2758 Etiam
1530 2693 1733 2757 Asco-

224 2792 407 2869 nius,
458 2790 572 2855 nbi
617 2791 751 2875 agit
785 2791 870 2857 de
910 2794 1215 2859 columna
1260 2796 1553 2875 Maenia,
1619 2796 1733 2880 (ad

1839 657 1936 722 nit
1968 660 2345 745 columnae',
2397 679 2594 742 super
2628 678 2822 740 quam
2856 660 3178 726 Maenius
3208 676 3334 725 tec-

1843 773 1985 824 tum
2015 762 2400 842 projiceret,
2443 780 2530 825 ex
2546 762 3051 843 provolantibus
3077 764 3334 825 tabula·

1844 865 1955 925 tis.
2016 857 2237 925 Fuere.
2282 882 2444 945 ergo
2489 863 2652 927 haec
2703 865 3040 929 Maeniana
3067 863 3335 928 solario·

1842 986 1990 1027 rum
2035 965 2362 1048 quoddam
2406 984 2645 1048 genus,
2706 985 2870 1050 quae
2906 979 2971 1029 et
3003 987 3122 1029 nos
3152 987 3336 1030 orna-

1847 1067 2053 1130 menti
2075 1081 2141 1131 et
2158 1066 2486 1130 commodi
2500 1087 2690 1129 causa
2706 1066 2974 1132 aedibus
3007 1088 3203 1151 saepe
3232 1064 3337 1130 ad·

1844 1167 2134 1250 jicimus,
2181 1184 2250 1233 et
2291 1190 2373 1232 ex
2403 1168 2741 1232 Gallorum
2790 1167 3011 1253 lingua
3045 1171 3339 1232 Balcons

1846 1271 2270 1354 appellamus.
2332 1272 2420 1331 At
2464 1271 2612 1352 quia
2650 1269 2812 1334 haec
2862 1272 3112 1334 Romae
3155 1271 3338 1355 ligno

1845 1372 2240 1457 plerumque
2274 1370 2667 1449 constitere,
2705 1385 2777 1434 ut
2817 1384 3096 1456 arguunt
3119 1370 3337 1436 ‘verba

1848 1475 2074 1555 tigna,
2114 1476 2431 1550 materia,
2481 1473 2822 1549 tabulata,
2864 1485 3010 1535 orto
3046 1471 3219 1536 forte
3245 1471 3340 1534 in·

1844 1574 2083 1637 cendio
2131 1573 2441 1637 idoneum
2472 1573 2661 1636 fuere
2690 1570 3338 1659 flammispabulum3
3439 1598 3446 1604 ·

1844 1676 1992 1759 jure
2056 1674 2258 1752 ndeO,
2325 1688 2400 1738 ut
2455 1674 2543 1737 ait
2615 1672 3030 1752 Ammianus,
3104 1674 3339 1759 priscis

1848 1797 2108 1863 quoque
2146 1775 2408 1862 legibus
2447 1776 2669 1842 vetita.
2709 1810 2795 1827 -·
2826 1776 3000 1844 Vide
3051 1774 3339 1862 descrip-

1844 1879 2095 1943 tionem
2124 1878 2580 1943 incendiorum
2628 1877 2808 1940 urbis
2854 1877 3027 1941 bene
3075 1878 3339 1963 longam

1843 1979 2015 2063 apud
2063 1980 2461 2048 Iuvenalem.
2522 1980 2688 2063 (Sat.
2726 1980 2841 2046 VI.
2877 1978 3032 2041 inde
3069 2002 3104 2042 a
3142 2000 3339 2045 versu

1849 2082 2040 2167 ¹97·)·

2193 2269 2269 2329 P.
2297 2265 2445 2350 476.
2479 2267 2606 2330 eol.
2635 2283 2693 2331 2.
2726 2264 2847 2330 lin.
2883 2266 2985 2330 23.

1965 2383 2124 2446 Dixi
2150 2385 2459 2449 hocloco
2478 2430 2495 2463 ‚
2524 2406 2656 2447 non
2690 2397 2948 2447 exstare
2983 2406 3338 2463 marmora,

1844 2506 2009 2571 quae
2078 2486 2350 2551 Claudio
2422 2485 2704 2550 Gothico
2773 2486 3342 2554 Germanici-no·

1844 2608 1997 2650 men
2028 2587 2336 2665 tribuant,
2365 2601 2432 2651 et
2458 2601 2676 2650 tamen
2704 2588 2894 2650 altius
2921 2609 2985 2671 p.
3007 2587 3135 2665 405
3170 2610 3340 2651 mat·-

1848 2712 1996 2755 mor
2028 2690 2378 2775 proposui,
2421 2691 2488 2751 in
2520 2710 2648 2774 quo
2680 2690 2735 2752 is
2775 2688 3212 2754 Germanicus
3245 2689 3340 2750 di·

1852 2793 2042 2859 citur.
2109 2793 2512 2857 Monendum
2555 2793 2790 2883 igitur,
2840 2792 3102 2854 nonnisi
3151 2793 3342 2856 raris·

235 2891 599 2962 Ciceronis
642 2893 1111 2963 divinationem
1157 2917 1302 2983 cap.
1331 2897 1462 2982 ιδ.)
1508 2899 1743 2964 ωοωί-ι.
1848 2897 2012 2962 sime
2049 2916 2295 2959 nomen
2318 2894 2590 2960 istud-in
2620 2892 3054 2960 marmoribus
3086 2895 3241 2979 logi.
3327 2952 3333 2959 .
