4388 5576
1198 571 1307 648 96
2371 540 3242 630 ADDENDA'

1208 756 1297 797 na
1365 753 1561 815 super
1626 749 1759 809 qua
1810 724 2047 813 figura
2119 738 2343 801 stans,
2415 729 2489 788 in
2543 745 2703 788 area

1207 828 1489 898 EIITP.
1529 834 1602 894 in
1629 838 2145 910 monogramme.
2185 826 2326 887 AE.
2356 829 2468 891 111.

1332 937 1427 995 Ita
1480 952 1750 994 numum
1808 927 2016 990 musei
2066 926 2533 1011 Cousineryani
2592 925 2703 988 de-

1199 1034 1426 1100 scribit
1454 1032 1749 1096 Sestinus
1769 1075 1786 1107 ‚
1831 1033 2134 1113 (Lettere
2165 1031 2246 1093 Τ.
2266 1031 2348 1098 V.
2380 1050 2445 1113 p.
2463 1027 2700 1109 LXV.)

1203 1154 1483 1217 eumque
1508 1132 1675 1196 huic
1711 1130 1901 1215 Epiri
1934 1132 2082 1214 regi
2119 1130 2367 1197 tribuit.
2411 1132 2499 1191 Et
2532 1128 2701 1195 veri-

1186 1228 1426 1300 ‘simile
1488 1235 1662 1297 istud
1722 1245 2007 1316 spectata
2067 1245 2292 1294 natura
2352 1251 2697 1293 numerum

1203 1357 1438 1421 regum
1476 1334 1683 1418 Epiri.
1730 1336 1963 1396 Utrum
2001 1352 2161 1397 vero
2201 1352 2452 1394 errasse
2496 1332 2696 1394 conti-

1146 1460 1328 1511 ,nuo
1387 1436 1599 1503 videri
1649 1434 1885 1498 debeat
1929 1432 2241 1516 Haymius
2291 1432 2577 1517 legendo
2628 1432 2696 1494 in

1194 1560 1397 1603 numo
1432 1530 2214 1612 suoE‘rIIOAEMOT,
2243 1553 2365 1616 pro
2402 1528 2699 1593 NEOII-

1194 1630 1703 1709 ΤΟΛΕΜΟΤ,
1748 1649 1819 1698 ut
1864 1635 2036 1698 istud
2081 1635 2161 1698 ab
2205 1655 2288 1699 eo
2321 1633 2564 1696 factum
2605 1632 2700 1695 di-

1200 1720 1379 1805 serte
1452 1735 1790 1820 praedicat
1861 1736 2194 1814 Sestinus,
2265 1737 2700 1801 vehementer

1201 1842 1451 1905 dubito,
1497 1840 1660 1901 Nam
1702 1838 2043 1900 adcuratus
2082 1838 2396 1917 'Haymius
2431 1858 2699 1899 numum

1201 1965 1391 2008 suum
1425 1942 1757 2025 integrum
1784 1937 2164 2022 profitetur,
2201 1927 2431 2020 (Thes.
2465 1939 2581 2002 ΒΓ.
2618 1941 2699 2003 Τ.

1199 2051 1281 2108 11.
1326 2068 1389 2130 p.
1415 2045 1554 2127 78.)
1599 2054 1791 2126 atque
1828 2040 1885 2104 is
1919 2040 1985 2101 in
2009 2052 2206 2124 ,parte
2239 2060 2466 2105 aversa
2499 2039 2697 2124 longe

1190 2147 1323 2210 alio
1366 2158 1467 2208 est
1504 2157 1678 2228 typo.

1576 2332 1653 2393 P.
1687 2328 1824 2410 187.
1857 2327 1985 2389 eol.
2015 2348 2071 2389 1.
2109 2327 2230 2389 lin.
2260 2348 2322 2407 7.

1317 2448 1677 2520 Addendus
1718 2447 1911 2511 alius:
1955 2439 2241 2508 ΛΕΤΚ.
2276 2445 2437 2528 Imp.
2472 2446 2693 2525 capite

1198 2552 1467 2611 radiato
1505 2553 1578 2613 in
1613 2571 1814 2614 curru
1858 2548 2169 2628 triumph.
2206 2547 2518 2608 adversus
2552 2565 2695 2608 vec-

1194 2662 1302 2711 tus
1352 2653 1413 2713 d.
1458 2652 1794 2725 lauream,
1845 2671 1902 2714 s.
1942 2648 2248 2730 globum,
2281 2645 2687 2712 Caracallae.

1182 2754 1395 2833 (Mus.
1434 2772 1604 2818 com.
1649 2750 1734 2816 de
1776 2747 2192 2831 sternberg.)

1827 2936 1896 2994 P.
1934 2934 2073 3013 issq.

1326 3052 1504 3145 Quid
1548 3053 1725 3136 quod
1771 3050 1964 3115 etiam
2010 3050 2178 3113 fama
2224 3049 2381 3129 fuit,
2429 3050 2696 3115 Diome·

1197 3156 1349 3218 dem
1394 3155 1543 3239 apri
1579 3153 1898 3217 Calidonii
1961 3153 2193 3216 dentes
2253 3152 2438 3237 apud⁸
2480 3156 2696 3216 Bene-

1192 3273 1461 3344 ventum
1495 3280 1530 3320 a
1564 3277 1635 3320 se
1666 3254 1996 3319 conditum
2030 3253 2404 3331 dedicasse,
2443 3275 2686 3338 eosque

1194 3365 1312 3422 s'uo
1355 3359 1565 3423 adhuc
1599 3379 1763 3422 aevo
1802 3359 2005 3422 fuisse
2043 3369 2434 3420 monstratos
2468 3368 2692 3418 narrat

1190 3461 1552 3544 Procopius
1583 3460 2043 3525 Caesariensis.
2075 3456 2280 3542 (Bell.
2312 3456 2507 3521 Goth.
2534 3459 2611 3525 L.
2635 3461 2684 3522 Ι.

1191 3583 1248 3625 c.
1294 3565 1423 3643 15.)

1570 3749 1646 3812 P.
1677 3746 1814 3826 189.
1854 3749 2063 3812 col.·2.
2098 3747 2218 3813 lin.
2245 3749 2306 3811 5.

1312 3867 1568 3932 Verum
1625 3884 1731 3927 me
1779 3864 1983 3929 fuisse
2047 3887 2394 3951 augurem,
2461 3865 2684 3929 docuit

1195 3980 1496 4046 eventus,
1551 3988 1949 4051 numumque
1993 3968 2166 4030 hunc
2210 3966 2683 4030 restituendum

1192 4070 1475 4156 Aegii-ae
1493 4068 1798 4153 Achaiae,
1819 4067 2074 4132 docebo
2093 4069 2262 4132 infra
2278 4068 2360 4135 ad
2377 4090 2520 4154 pag.
2538 4069 2683 4134 235.

1543 4258 1614 4317 P.
1652 4274 1787 4336 199.
1824 4255 1951 4320 col.
1978 4276 2035 4316 ι.
2065 4255 2197 4320 lin.
2225 4255 2328 4317 26.

1315 4374 1386 4438 si
1429 4388 1613 4438 recte
1655 4375 2101 4458 conjeceram,
2152 4368 2389 4438 numos
2436 4374 2681 4441 similes

1185 4477 1490 4559 Erythris
1521 4476 1936 4553 tribuendos,
1968 4498 2138 4554 nen,
2175 4490 2249 4538 ut
2285 4477 2678 4543 Pellerinius

1189 4591 1521 4654 sanxerat,
1580 4578 1911 4660 Zephyrio
1958 4578 2259 4656 Ciliciae,
2321 4601 2412 4642 eo·
2465 4593 2678 4644 tamen

1185 4699 1491 4761 peccasse
1539 4677 1804 4752 videor,
1864 4680 2040 4761 quod
2096 4681 2412 4763 Erythras
2465 4686 2679 4748 Boeo-

1189 4786 1345 4856 tiae,
1400 4799 1562 4864 prae
1607 4779 1826 4843 alteris
1865 4781 2086 4846 Ioniae
2124 4784 2462 4850 malebam.
2523 4789 2678 4850 Ete-

2816 724 2954 787 nim
2988 724 3341 789 certiorem
3382 745 3489 790 me
3522 724 3795 792 reddidit
3819 749 3981 791 navus
4009 728 4155 792 Consi-

2816 847 3091 908 neryus‚
3148 847 3380 892 numos
3422 828 3671 892 similes
3708 831 3951 913 reperiri
3980 851 4071 914 per
4095 832 4157 890 lo-

2818 948 3011 992 niam.

3159 1114 3233 1176 Ρ.
3255 1129 3399 1176 soe.
3436 1115 3652 1178 colas.
3698 1114 3808 1176 lin.
3825 1111 3915 1177 23.

2941 1230 3146 1310 Vide,
3190 1248 3356 1318 quae
3389 1230 3473 1296 ad
3505 1252 3574 1316 p.
3596 1231 4019 1297 medicentur.

3166 1419 3245 1482 P.
3265 1430 3418 1491 βω.
3455 1414 3581 1476 col.
3605 1433 3668 1478 2.
3703 1417 3814 1479 lin.
3838 1436 3920 1476 ι«ι.

2941 1532 3355 1617 singularem
3384 1533 3782 1619 epigraphen
3808 1529 4021 1606 TEBE,
4044 1527 4155 1589 onin-

2813 1656 2883 1697 sa
2911 1635 3164 1699 scilicet
3192 1636 3485 1720 aspirata,
3520 1636 3676 1699 citat
3698 1632 4009 1697 Richardus
4023 1632 4156 1710 Payne

2817 1758 2899 1801 ex
2969 1750 3349 1819 pervetusto
3426 1736 3821 1800 tridrachmo
3878 1734 4040 1797 musei
4087 1749 4157 1793 m

2814 1840 3126 1917 Damme,
3173 1839 3242 1899 in
3284 1839 3465 1921 cujus
3508 1860 3636 1901 una
3682 1837 3839 1901 facie
3879 1849 3963 1899 est
3992 1855 4091 1911 vas,
4119 1829 4155 1886 in

2735 1946 2740 1951 “
2817 1939 2938 2002 alia
2975 1938 3356 2023 quadratum
3389 1940 3706 2004 incusum.
3752 1937 3997 2024 (Analyt.
4016 1936 4155 2013 Essay.

2814 2062 2882 2124 p.
2909 2038 2988 2101 25
3023 2055 3090 2105 et
3123 2046 3265 2125 27.)
3389 2103 3395 2109 .

3162 2230 3241 2291 P.
3262 2244 3407 2309 aot).
3441 2227 3656 2292 coh-2.
3697 2228 3814 2290 lin.
3842 2224 3928 2287 23.

2937 2345 3364 2422 Aristoteles,
3402 2359 3473 2407 ut
3503 2344 3787 2412 Granius
3817 2352 4090 2413 memorat,
4108 2335 4163 2398 vir

2791 2447 3074 2531 -ingenio
3131 2459 3557 2532 praepotens,
3629 2461 3823 2531 atque
3875 2448 3934 2507 in
3978 2440 4162 2505 doctn‘m
4239 2496 4240 2511 ,

2805 2549 3231 2631 praecipuus,
3294 2549 3663 2613 Minervam
3704 2569 3845 2613 esse
3881 2548 4056 2609 lunam
4083 2559 4169 2624 prr

2805 2649 3129 2713 habilibus
3164 2651 3563 2733 argumentis
3597 2650 3900 2734 explicat,
3934 2645 4168 2711 stlitersn

2805 2751 3188 2816 auctoritate
3219 2750 3637 2816 demonstrat.
3671 2750 3939 2838 (Ax-nob.
3960 2746 4172 2828 adv-gest

2810 2868 2905 2918 tes
2940 2856 3018 2918 L.
3045 2856 3154 2915 111.
3187 2876 3256 2938 p.
3297 2875 3386 2920 m.
3414 2855 3546 2935 60.)

3071 3043 3146 3105 P.
3169 3042 3316 3104 215.
3345 3041 3478 3105 col.
3499 3056 3559 3104 2.
3590 3054 3752 3123 post
3788 3041 3898 3102 lin.
3921 3044 4006 3109 24-

2920 3156 3289 3221 Confirmat
3322 3158 3634 3240 judicium
3668 3158 3843 3222 istud
3879 3155 4014 3218 datis
4035 3149 4094 3213 ad
4114 3165 4170 3206 me

2804 3258 3019 3322 literis
3086 3260 3170 3323 cl.
3215 3260 3697 3343 Cousineryus,
3756 3261 3865 3345 qui
3919 3255 4061 3341 prior
4101 3265 4171 3330 ⁰1³²

2802 3381 3151 3422 numerum
3193 3382 3493 3438 suorum,
3545 3382 3908 3447 eorumque
3945 3361 4175 3435 comperto

2802 3462 2948 3522 solo
2977 3461 3204 3537 natali,
3249 3476 3386 3532 tum
3423 3477 3493 3525 et
3525 3463 3725 3529 obvio
3762 3465 3832 3525 in
3865 3461 3939 3524 iis
3966 3460 4066 3521 hoc
4083 3454 4178 3515 Pes

2804 3566 2974 3645 gami
3005 3578 3557 3646 monogrammate
3592 3564 3751 3629 huic
3776 3564 3923 3627 urbi
3943 3559 4179 3622 restituen-

2801 3662 2921 3725 dos
2977 3663 3278 3745 conjecit.
3352 3666 3462 3728 Ait
3519 3668 3765 3728 iterum
3826 3665 3894 3726 in
3939 3650 4182 3745 posteriori

2802 3766 3014 3850 aliqua
3059 3767 3336 3848 epistola
3380 3766 3688 3830 edoctum
3738 3789 3812 3831 se
3856 3790 3891 3828 a
3929 3764 4050 3826 cive
4089 3774 4180 3839 quo·

2801 3866 2948 3930 dam
2983 3868 3393 3945 Atheniensi,
3449 3890 3804 3933 numerum
3852 3877 4187 3940 veterumpo·

2799 3970 2965 4047 rito,
3009 3969 3200 4053 hujus
3246 3971 3510 4055 generis
3550 3993 3792 4035 numos
3835 3992 3960 4035 non
3995 3955 4181 4049 rcpttrh'i

2798 4070 2868 4132 in
2907 4091 3067 4155 agro
3110 4070 3351 4136 Attico.

2801 4260 3038 4337 P.217.
3070 4259 3269 4324 colu.
3303 4259 3426 4323 lin.
3449 4258 3511 4324 8.
3543 4273 3738 4342 post.-
3782 4258 4192 4322 sanxerunt.

2925 4376 3060 4442 Sed
3101 4379 3493 4443 Laurentius
3539 4376 3801 4461 Lydus=
3851 4379 4003 4461 (περι
4040 4368 4188 4442 Mt&

2789 4480 2863 4541 in
2905 4480 3254 4565 Maiocap.
3279 4483 3382 4565 3.)

2917 4579 3216 4678 Ἦφριιςοι
3247 4590 3563 4662 τεσσαρες,
3594 4602 3835 4661 πρῶτος
3863 4580 4117 4660 Ουςωου,
4139 4593 4195 4629 m

2789 4679 3060 4766 Ἡμεεας
3100 4701 3298 4766 orme
3341 4687 3757 4760 Aaronom,
3812 4708 3921 4748 m
3963 4683 4202 4753 asma

2792 4786 3167 4873 oiemem-ov.
