4388 5576
985 409 1137 486 DE
1220 413 2093 495 PnocoNvam.
2179 393 2798 493 cansamssj

3283 430 3445 538 ‚339

338 593 589 655 liberae
625 592 693 653 in
732 592 1099 677 provincias
1135 597 1313 661 missi
1366 611 1549 675 sunt,
1596 596 1834 662 deinde
1940 613 2242 665 vatorum
2290 601 2478 676 alibi,
2540 616 2610 664 ut
2661 598 2971 664 continuo
3016 597 3184 676 dixi,
3249 621 3287 662 a
3338 618 3439 661 me

347 715 612 771 eorum,
659 696 769 778 qui
820 694 920 757 his
962 698 1352 778 praefuere,
1410 722 1491 763 ex
1540 722 1669 784 quo
1705 705 1836 763 Au-

344 810 569 880 gustus
603 798 951 879 imperium
998 800 1061 858 in
1096 822 1273 878 suas,
1329 817 1395 865 et
1428 804 1654 888 populi
1685 824 1834 886 pro·

349 900 589 962 iincias
650 899 900 974 divisit,
975 900 1229 964 abunde
1302 903 1368 964 in
1432 904 1837 970 animadver-

345 1000 636 1063 sionibus
677 1000 755 1074 ad
810 1013 1061 1089 partem
1086 986 1145 1067 Ἰ.
1185 1002 1375 1087 hujus
1427 1009 1648 1091 operis
1681 1008 1831 1074 Vol.

342 1104 455 1168 IV.
494 1123 642 1186 pag.
685 1102 808 1178 234
849 1104 1134 1185 egimus,
1201 1111 1350 1190 quia
1398 1109 1597 1170 multa
1635 1107 1833 1169 habe-

343 1227 485 1268 mus
559 1206 1026 1290 proconsulum
1103 1208 1503 1291 privatorum
1554 1203 1833 1274 'nomina

345 1321 647 1368 monetae
685 1319 871 1368 extra
910 1307 1137 1370 urbem
1175 1311 1462 1392 signatae
1503 1313 1832 1396 inscripta.

344 1416 428 1471 At
471 1421 619 1468 sunt
664 1408 854 1470 etiam
903 1412 1122 1487 numi,
1186 1416 1307 1474 etsi
1353 1435 1629 1477 numero
1670 1437 1838 1497 ,pau-

347 1509 448 1585 ci,
513 1509 621 1592 qui
681 1510 837 1592 ipsis
900 1511 1207 1597 Augustis
1285 1516 1697 1599 proconsulis
1759 1516 1839 1577 ti-

344 1608 551 1675 tulum
626 1614 962 1677 addidere.
1093 1619 1259 1682 Sunt
1326 1639 1490 1693 vero
1561 1638 1838 1701 sequen-

343 1730 485 1779 test

472 1817 845 1881 CONSVL.
882 1819 1022 1879 1111.
1066 1818 1142 1884 P.
1180 1819 1254 1879 P.
1308 1818 1720 1892 PROCOS..
1766 1819 1834 1881 in

347 1917 524 1981 aliiae
575 1917 945 1986 CONSVL.
976 1920 1118 1987 Vll.
1151 1922 1222 1985 P.
1252 1922 1323 1983 Ρ.
1356 1920 1733 1987 PROCOS.
1766 1919 1833 1981 in

345 2020 553 2083 nuruis
586 2020 1001 2083 Diocletiani.
1474 2102 1481 2107 ὗ

471 2119 662 2184 (308.
700 2124 808 2183 111.
858 2124 932 2185 P.
967 2122 1041 2183 P.
1082 2122 1432 2188 PROCOS
1474 2169 1491 2201 ,
1538 2125 1604 2185 in
1650 2122 1834 2187 aliist

346 2220 625 2291 coNsv
642 2224 716 2283 L.
740 2223 1168 2293 1111.V1.V11.
1192 2226 1363 2290 Vnt.
1408 2227 1601 2309 P.-P.
1627 2226 1835 2289 PRO·

347 2323 535 2390 COS.
573 2326 635 2384 in
676 2329 886 2387 numis
918 2326 1287 2388 Maximiani
1317 2327 1518 2388 Herc.

470 2423 840 2494 CONSVL.
866 2430 945 2494 V.
989 2429 1060 2488 P.
1086 2429 1159 2490 P.
1190 2422 1564 2492 PROCOS.
1613 2429 1679 2488 in
1715 2449 1835 2490 nu·

348 2528 465 2590 mis
506 2530 862 2592 Constantii
898 2530 1146 2592 Chlori.
1812 2526 1825 2529 ⁷

475 2630 844 2698 CONSVL.
894 2632 967 2695 P.
1001 2637 1079 2696 P.
1127 2628 1702 2707 PROCONSVL,
1764 2630 1829 2690 in

346 2735 557 2799 numis
591 2734 827 2798 Licinii
860 2732 1160 2810 senioris.

471 2836 843 2902 CONSVL.
887 2838 958 2897 P.
1006 2838 1075 2896 P.
1128 2833 1701 2911 PROCONSVLJ
1746 2868 1836 2883 —

345 2941 418 3004 P.
454 2944 546 3006 M.
592 2941 818 2999 Tmss.
856 2942 929 3001 Ρ.
980 2933 1168 3010 Cos.
1213 2939 1357 2998 1111.
1399 2938 1472 3001 P.
1510 2938 1583 2998 P.
1629 2936 1835 2999 PRO-

347 3044 535 3107 COS.
570 3076 655 3088 —-
684 3045 757 3104 P.
794 3043 884 3103 M.
921 3041 1147 3101 TRIB.
1185 3041 1262 3103 P.
1298 3038 1614 3106 COS.V1.
1647 3039 1720 3100 P.
1754 3039 1829 3101 P.

345 3143 718 3208 PROCOS.
756 3141 819 3202 in
856 3143 1067 3202 numia
1107 3123 1630 3204 Constantini‘M.
1740 3189 1745 3194 .

472 3250 748 3308 Praeter
782 3244 901 3306 hos
931 3245 1380 3304 memorantur
1412 3238 1662 3301 adbuc:

479 3341 822 3408 ATTOK.
839 3337 1251 3402 KAIZAPI.
1272 3335 1704 3424 ΑΝΘυπριτῳ,
1739 3335 1834 3397 ni·

348 3448 587 3510 mirum
647 3443 1107 3526 proconsulem
1167 3439 1407 3501 Graeci
1467 3439 1698 3502 dixere
1742 3436 1838 3501 ἆν-

350 3553 636 3612 Smtoerov.
720 3545 918 3626 Legit
968 3544 1062 3607 sic
1094 3541 1481 3612 Vaillantius
1527 3540 1592 3601 in
1636 3559 1835 3601 numo

347 3653 765 3728 Pergameno
797 3667 944 3718 eum
980 3643 1190 3727 capite
1214 3641 1526 3726 Augusti,
1572 3663 1649 3707 an
1682 3643 1836 3705 satis

345 3761 489 3813 tuto
511 3794 529 3826 ‚
573 3748 829 3811 videtur
855 3745 1137 3811 dubitari
1168 3766 1382 3827 posse.

471 3853 649 3912 IMP.
672 3852 912 3914 CAES.
933 3844 1618 3937 TRAIANV82AVG.
1651 3845 1834 3911 Ρ.Μ.

345 3954 423 4019 P.
464 3954 538 4015 P.
589 3952 1022 4016 PROCONS.
1061 3951 1125 4012 in
1175 3950 1585 4014 contorniato
1628 3946 1838 4010 musei

347 4056 689 4128 Caesarei,
734 4069 802 4120 et
837 4055 1187 4138 Theupoli.
1416 4119 1423 4126 ί

478 4161 660 4223 Iuvat
694 4157 762 4218 in
813 4147 1137 4240 originem
1180 4155 1678 4240 proconsulatus
1706 4159 1838 4221 Au-

351 4261 585 4344 gustis,
633 4258 1146 4342 Caesaribusque
1183 4256 1382 4321 delati
1413 4259 1601 4321 altius
1628 4260 1838 4344 inqui-

314 4375 315 4378 ’
347 4383 521 4426 rere.
587 4363 689 4423 De
723 4360 1291 4444 proconsulatibus
1326 4361 1681 4424 ordinariis·
1702 4360 1859 4454 prig

417 4595 483 4662 a)
522 4591 784 4670 Appian.
823 4589 967 4649 bell.
1005 4590 1208 4649 Mitbr.
1247 4607 1296 4648 c.
1331 4594 1424 4662 94.

345 4680 408 4739 1..
447 4680 491 4742 1.
531 4700 581 4741 c.
622 4695 709 4743 u.
856 4693 917 4757 e)
950 4679 1217 4760 Philipp.
1254 4678 1358 4739 xl.
1397 4697 1449 4738 c.
1487 4690 1580 4741 12.

1569 4587 1741 4664 b)·L.
1777 4587 1849 4647 IL
1889 4607 1944 4650 c.
1981 4597 2071 4653 δι.

1946 716 2179 766 actum.
2266 708 2351 767 At
2401 706 2591 767 fuere
2648 716 2942 784 tempora
3000 703 3248 764 Romae
3301 702 3438 762 sive

1943 804 2232 882 liberae,
2271 790 2272 793 Ἴ
2312 806 2450 869 sive
2527 803 2944 888 imperantis,
3026 801 3284 884 quando
3360 803 3441 865 ad

1948 907 2221 970 salutem
2276 908 2537 992 imperii
2572 905 3010 975 necessarium
3056 918 3156 965 est
3208 906 3442 980 visum,

1947 1010 2360 1094 proconsulis
2397 1021 2784 1090 potestatem
2835 1005 3252 1088 amplificare.
3341 1005 3443 1066 Ad

1947 1111 2198 1174 bellum
2231 1113 2574 1194 piraticum
2610 1109 2702 1173 sic
2725 1110 2953 1171 missus
2982 1123 3078 1170 est
3116 1110 3229 1171 Cn.
3254 1112 3445 1169 Pom-

1948 1196 2177 1297 peius,
2224 1215 2317 1275 uti
2367 1228 2503 1275 toto
2553 1210 2755 1286 mari,
2821 1224 2887 1272 et
2928 1210 3008 1273 ad
3045 1209 3442 1292 quinquage-

1948 1315 2181 1379 simum
2250 1338 2286 1380 a
2344 1311 2506 1376 mari
2570 1312 2945 1374 milliarium
3021 1313 3442 1393 proconsula-

1947 1437 2090 1480 rem
2154 1428 2543 1499 potestatem
2608 1413 2912 1487 baberet,
2987 1432 3185 1494 reges
3240 1413 3443 1477 natio-

1948 1538 2200 1602 nesque
2244 1537 2470 1579 omnes
2519 1517 2753 1579 auxilia
2801 1498 3049 1599 petenti
3103 1504 3443 1575 mitterent
3485 1520 3490 1523 “

1949 1635 2077 1684 etc.
2122 1620 2180 1701 ⁸)
2227 1639 2354 1701 quo
2401 1618 2665 1703 quidem
2711 1615 3315 1692 senatusconsulto,
3368 1633 3439 1677 ut
3477 1686 3483 1690 ,

1948 1723 2037 1785 ait
2080 1721 2378 1789 Velleius
2427 1717 2528 1802 b),
2590 1737 2830 1801 paene⁸
2859 1718 3058 1779 totius
3117 1732 3442 1779 terrarum

1942 1822 2127 1907 ,orbis
2187 1822 2535 1907 imperium
2595 1820 2708 1881 uni
2783 1819 2928 1908 viro
2990 1817 3448 1892 deferebatur,

1950 1926 2059 2008 qui
2106 1912 2415 1988 continuo
2468 1919 2681 1997 addit,
2755 1920 2933 1983 idem
2998 1919 3126 1985 hoc
3180 1934 3329 1983 ante
3375 1921 3442 1979 in

1949 2029 2039 2088 M.
2100 2025 2372 2089 Antonii
2434 2037 2739 2109 praetura
2802 2020 3142 2085 decretum
3210 2022 3438 2096 fuisse,

1950 2125 2127 2210 qnod
2177 2126 2388 2209 ipsum
2438 2126 2643 2210 tangit
2696 2124 2976 2201 Cicero,
3032 2144 3179 2186 cum
3225 2128 3312 2189 ait
3352 2133 3439 2209 ⁶),

1948 2228 2209 2293 Siculos
2245 2235 2332 2292 M.
2370 2233 2643 2293 Antonii
2687 2233 3004 2310 infinitum
3030 2231 3214 2289 'illud
3251 2233 3445 2308 impe·

1946 2337 2118 2395 rium
2146 2336 2454 2407 sensisse,
2498 2331 2802 2392 nimirum
2844 2348 2969 2412 ope
2996 2327 3296 2389 factionis
3333 2349 3447 2392 cu-

1945 2433 2267 2495 rationem
2334 2432 2648 2494 infinitam
2716 2432 2913 2493 totius
2973 2448 3129 2491 orae
3201 2430 3442 2491 mariti·

1946 2556 2091 2597 mae
2137 2535 2343 2610 nacti,
2407 2547 2479 2596 ut
2524 2535 2605 2596 ad
2649 2535 2811 2599 haec
2850 2530 3188 2594 Ciceronis
3238 2532 3439 2596 verba

1947 2636 2233 2701 advertit
2274 2636 2630 2711 Asconius,
2711 2650 2776 2696 et
2827 2635 3039 2695 innuit
3085 2635 3277 2696 etiam
3321 2635 3442 2697 La-

1948 2737 2225 2804 ctantius
2278 2739 2364 2823 d).
2455 2738 2692 2802 Cicero
2737 2737 2801 2799 in
2853 2737 3439 2812 senatusconsulto,

1949 2841 2130 2926 quod
2176 2841 2564 2906 Dolabellae
2624 2861 2746 2923 pet·
2790 2842 2863 2904 C.
2915 2841 3205 2904 Cassium
3255 2840 3439 2904 bello

1951 2944 2391 3027 persequendi
2428 2964 2615 3007 causa
2658 2956 2947 3004 suaserat
2979 2947 3072 3020 ο),
3120 2944 3293 3005 inter
3317 2944 3444 3005 alia

1949 3045 2113 3107 baec
2167 3047 2405 3107 sancit:
2469 3056 2544 3107 ut
2597 3048 2853 3107 Cassius
2902 3049 3256 3124 proconsul
3296 3068 3444 3128 pro-

1946 3150 2230 3209 vinciam
2249 3149 2514 3225 Syriam
2548 3147 2863 3220 obtineat,
2904 3150 3009 3206 uti
3030 3150 3145 3228 qui
3161 3168 3304 3209 eam
3339 3168 3446 3226 op·

1948 3250 2103 3308 timo
2124 3251 2284 3322 jure
2306 3247 2714 3326 provinciam
2747 3249 3127 3320 obtinuerit,
3169 3277 3198 3293 -
3235 3278 3261 3293 -
3304 3279 3331 3292 ·
3374 3231 3449 3306 nt

1948 3350 2310 3425 imperandi
2326 3349 2396 3407 in
2414 3347 2638 3422 Syria,
2680 3349 2869 3419 Asia,
2912 3349 3245 3424 Bithynia,
3284 3349 3444 3406 Pon·
3487 3386 3493 3390 <

1948 3457 2013 3510 to
2014 3451 2138 3523 jus
2150 3455 2647 3526 potestatemque
2661 3447 2901 3507 habeat
2916 3487 2933 3518 ,
2978 3455 3189 3528 utque,
3226 3467 3446 3529 qnam·

1948 3567 2197 3628 cunque
2252 3549 2322 3608 in
2364 3547 2769 3626 provinciam
2807 3549 2947 3621 qius
2993 3547 3146 3608 belli
3173 3552 3442 3626 yerendi

1948 3669 2151 3724 causa
2193 3649 2561 3721 advenerit,
2622 3648 2718 3706 ibi
2758 3650 2972 3724 majus
3008 3651 3341 3728 imperium
3376 3654 3443 3714 C.

1954 3752 2167 3812 Cassii
2180 3751 2590 3832 proconsulis
2610 3752 2728 3823 sit,
2771 3768 2964 3830 qnam
2979 3754 3121 3826 ejus
3156 3752 3297 3824 erit,
3329 3753 3445 3832 qai

1950 3852 2506 3931 comprovinciam
2530 3859 2663 3911 tum
2679 3837 3003 3925 obtinebit,
3049 3871 3191 3912 cum
3215 3854 3269 3912 C.
3293 3854 3442 3912 Cas-

1950 3954 2089 4014 sius
2112 3953 2466 4032 proconsul
2490 3953 2561 4012 in
2590 3971 2733 4012 eam
2744 3953 3148 4030 provinciam
3175 3956 3437 4014 venerit.

1953 4053 2119 4115 Sunt
2155 4051 2322 4115 haec
2362 4054 2614 4115 Romae
2656 4051 2867 4114 adhuc
2914 4051 3165 4114 liberae
3215 4070 3443 4114 exem-

1948 4153 2080 4238 pla.
2167 4154 2499 4238 Augustus
2540 4154 2634 4217 Μ.
2659 4135 3022 4236 *Agrippam
3059 4152 3190 4228 bis,
3253 4152 3442 4214 nimi·

1948 4277 2094 4320 rum
2137 4256 2322 4326 annis
2355 4256 2451 4330 ·V.
2482 4254 2557 4318 C.
2600 4254 2718 4334 731
2745 4297 2763 4330 ,
2805 4266 2877 4316 et
2914 4255 3041 4337 738
3074 4253 3154 4316 ad
3205 4272 3441 4337 regen·

1949 4357 2063 4425 das
2095 4357 2392 4425 Orientis
2440 4354 2807 4439 provincias
2853 4354 3246 4436 amplissima
3288 4376 3436 4419 cum

2221 4587 2282 4659 c)
2324 4585 2389 4645 in
2425 4585 2601 4649 Verr.
2639 4583 2706 4643 L.
2745 4583 2822 4646 11.
2863 4604 2916 4645 c.
2951 4597 3006 4652 3.
3136 4586 3206 4663 d)
3242 4587 3435 4647 Instit.

2784 4769 3039 4858 -Vu.²
3097 4838 3112 4846 ,
