<?xml version="1.0" encoding="UTF-8"?>
<!DOCTYPE html PUBLIC "-//W3C//DTD XHTML 1.0 Transitional//EN"
    "http://www.w3.org/TR/xhtml1/DTD/xhtml1-transitional.dtd">
<html xmlns="http://www.w3.org/1999/xhtml" xml:lang="en" lang="en">
 <head>
  <title>
</title>
<meta http-equiv="Content-Type" content="text/html;charset=utf-8" />
  <meta name='ocr-system' content='tesseract 3.04.00' />
  <meta name='ocr-capabilities' content='ocr_page ocr_carea ocr_par ocr_line ocrx_word'/>
</head>
<body>
  <div class='ocr_page' id='page_1' title='image "./doctrinanumorum04hohlgoog/doctrinanumorum04hohlgoog_0447.png"; bbox 0 0 4388 5576; ppageno 0'>
   <div class='ocr_carea' id='block_1_1' title="bbox 1030 381 2780 545">
    <p class='ocr_par' dir='ltr' id='par_1_1' title="bbox 1030 381 2780 545">
     <span class='ocr_line' id='line_1_1' title="bbox 1030 381 2780 545; baseline -0.001 -27"><span class='ocrx_word' id='word_1_1' title='bbox 1030 438 1185 518; x_wconf 86' lang='lat' dir='ltr'><strong>DE</strong></span> <span class='ocrx_word' id='word_1_2' title='bbox 1263 436 1960 515; x_wconf 52' lang='lat' dir='ltr'><strong>TRIBV‘NITIA</strong></span> <span class='ocrx_word' id='word_1_3' title='bbox 2033 381 2780 545; x_wconf 60' lang='lat' dir='ltr'><strong>roTEsTATn</strong></span> 
     </span>
    </p>
   </div>
   <div class='ocr_carea' id='block_1_2' title="bbox 235 620 1847 2940">
    <p class='ocr_par' dir='ltr' id='par_1_2' title="bbox 236 620 1847 2239">
     <span class='ocr_line' id='line_1_2' title="bbox 352 620 1844 711; baseline -0.006 -21"><span class='ocrx_word' id='word_1_4' title='bbox 352 630 469 690; x_wconf 84' lang='lat'><strong>111.</strong></span> <span class='ocrx_word' id='word_1_5' title='bbox 515 625 809 693; x_wconf 67' lang='lat' dir='ltr'><strong>exiturus</strong></span> <span class='ocrx_word' id='word_1_6' title='bbox 856 626 1083 711; x_wconf 78' lang='lat' dir='ltr'><strong>paullo</strong></span> <span class='ocrx_word' id='word_1_7' title='bbox 1123 631 1313 709; x_wconf 73' lang='lat' dir='ltr'><strong>post,</strong></span> <span class='ocrx_word' id='word_1_8' title='bbox 1370 643 1610 705; x_wconf 85' lang='lat' dir='ltr'><strong>nempe</strong></span> <span class='ocrx_word' id='word_1_9' title='bbox 1651 620 1844 685; x_wconf 88' lang='lat' dir='ltr'><strong>nonis</strong></span> 
     </span>
     <span class='ocr_line' id='line_1_3' title="bbox 350 716 1847 818; baseline -0.007 -24"><span class='ocrx_word' id='word_1_10' title='bbox 350 734 604 794; x_wconf 74' lang='lat' dir='ltr'><strong>Martiis</strong></span> <span class='ocrx_word' id='word_1_11' title='bbox 641 731 980 818; x_wconf 86' lang='lat' dir='ltr'><strong>proximis.</strong></span> <span class='ocrx_word' id='word_1_12' title='bbox 1028 789 1033 792; x_wconf 81' lang='grc'><strong>.</strong></span> <span class='ocrx_word' id='word_1_13' title='bbox 1069 716 1237 792; x_wconf 75' lang='lat' dir='ltr'><strong>Geta</strong></span> <span class='ocrx_word' id='word_1_14' title='bbox 1272 718 1696 809; x_wconf 27' lang='lat' dir='ltr'><strong>*partehujus</strong></span> <span class='ocrx_word' id='word_1_15' title='bbox 1739 744 1847 787; x_wconf 87' lang='lat' dir='ltr'><strong>an·</strong></span> 
     </span>
     <span class='ocr_line' id='line_1_4' title="bbox 348 824 1846 918; baseline -0.007 -21"><span class='ocrx_word' id='word_1_16' title='bbox 348 836 447 909; x_wconf 85' lang='lat' dir='ltr'><strong>ni,</strong></span> <span class='ocrx_word' id='word_1_17' title='bbox 512 855 634 918; x_wconf 88' lang='lat' dir='ltr'><strong>qua</strong></span> <span class='ocrx_word' id='word_1_18' title='bbox 679 835 746 893; x_wconf 87' lang='lat' dir='ltr'><strong>in</strong></span> <span class='ocrx_word' id='word_1_19' title='bbox 778 833 967 896; x_wconf 78' lang='lat' dir='ltr'><strong>,vivis</strong></span> <span class='ocrx_word' id='word_1_20' title='bbox 1017 829 1227 893; x_wconf 86' lang='lat' dir='ltr'><strong>adhuc</strong></span> <span class='ocrx_word' id='word_1_21' title='bbox 1266 842 1459 914; x_wconf 80' lang='lat' dir='ltr'><strong>pater</strong></span> <span class='ocrx_word' id='word_1_22' title='bbox 1494 842 1676 902; x_wconf 85' lang='lat' dir='ltr'><strong>erat,</strong></span> <span class='ocrx_word' id='word_1_23' title='bbox 1751 824 1846 887; x_wconf 86' lang='lat' dir='ltr'><strong>di-</strong></span> 
     </span>
     <span class='ocr_line' id='line_1_5' title="bbox 353 928 1845 1015; baseline -0.003 -16"><span class='ocrx_word' id='word_1_24' title='bbox 353 937 543 998; x_wconf 53' lang='lat' dir='ltr'><strong>citur*</strong></span> <span class='ocrx_word' id='word_1_25' title='bbox 580 936 649 996; x_wconf 88' lang='lat' dir='ltr'><strong>in</strong></span> <span class='ocrx_word' id='word_1_26' title='bbox 709 936 921 997; x_wconf 82' lang='lat' dir='ltr'><strong>numia</strong></span> <span class='ocrx_word' id='word_1_27' title='bbox 979 932 1405 1015; x_wconf 75' lang='lat' dir='ltr'><strong>simpliciterz</strong></span> <span class='ocrx_word' id='word_1_28' title='bbox 1490 928 1845 995; x_wconf 82' lang='lat' dir='ltr'><strong>PONTIF.</strong></span> 
     </span>
     <span class='ocr_line' id='line_1_6' title="bbox 350 1030 1845 1113; baseline -0.005 -15"><span class='ocrx_word' id='word_1_29' title='bbox 350 1040 489 1100; x_wconf 76' lang='grc' dir='ltr'><strong>ΤΒ.</strong></span> <span class='ocrx_word' id='word_1_30' title='bbox 539 1038 612 1099; x_wconf 89' lang='grc' dir='ltr'><strong>Ρ.</strong></span> <span class='ocrx_word' id='word_1_31' title='bbox 660 1041 816 1113; x_wconf 80' lang='grc' dir='ltr'><strong>ΙΙΙ.,</strong></span> <span class='ocrx_word' id='word_1_32' title='bbox 886 1048 953 1098; x_wconf 87' lang='lat' dir='ltr'><strong>et</strong></span> <span class='ocrx_word' id='word_1_33' title='bbox 1010 1054 1160 1096; x_wconf 88' lang='lat' dir='ltr'><strong>mox</strong></span> <span class='ocrx_word' id='word_1_34' title='bbox 1205 1032 1285 1095; x_wconf 87' lang='lat' dir='ltr'><strong>ab</strong></span> <span class='ocrx_word' id='word_1_35' title='bbox 1332 1030 1471 1113; x_wconf 88' lang='lat' dir='ltr'><strong>ejus</strong></span> <span class='ocrx_word' id='word_1_36' title='bbox 1517 1045 1730 1095; x_wconf 91' lang='lat' dir='ltr'><strong>morte</strong></span> <span class='ocrx_word' id='word_1_37' title='bbox 1776 1031 1845 1091; x_wconf 90' lang='lat' dir='ltr'><strong>in</strong></span> 
     </span>
     <span class='ocr_line' id='line_1_7' title="bbox 344 1131 1840 1218; baseline -0.007 -17"><span class='ocrx_word' id='word_1_38' title='bbox 344 1140 557 1202; x_wconf 77' lang='lat' dir='ltr'><strong>nuruis</strong></span> <span class='ocrx_word' id='word_1_39' title='bbox 599 1137 847 1212; x_wconf 84' lang='lat' dir='ltr'><strong>obviis,</strong></span> <span class='ocrx_word' id='word_1_40' title='bbox 914 1150 979 1200; x_wconf 88' lang='lat' dir='ltr'><strong>et</strong></span> <span class='ocrx_word' id='word_1_41' title='bbox 1030 1133 1534 1218; x_wconf 72' lang='lat' dir='ltr'><strong>copiosissimis:</strong></span> <span class='ocrx_word' id='word_1_42' title='bbox 1597 1132 1736 1192; x_wconf 78' lang='grc' dir='ltr'><strong>ΤΒ.</strong></span> <span class='ocrx_word' id='word_1_43' title='bbox 1766 1131 1840 1190; x_wconf 90' lang='grc' dir='ltr'><strong>Ρ.</strong></span> 
     </span>
     <span class='ocr_line' id='line_1_8' title="bbox 350 1235 1844 1314; baseline -0.008 -9"><span class='ocrx_word' id='word_1_44' title='bbox 350 1246 458 1305; x_wconf 81' lang='grc' dir='ltr'><strong>ΙΙΙ.</strong></span> <span class='ocrx_word' id='word_1_45' title='bbox 502 1242 578 1304; x_wconf 90' lang='grc' dir='ltr'><strong>Ρ.</strong></span> <span class='ocrx_word' id='word_1_46' title='bbox 617 1243 695 1302; x_wconf 89' lang='grc' dir='ltr'><strong>Ρ.</strong></span> <span class='ocrx_word' id='word_1_47' title='bbox 781 1242 885 1301; x_wconf 89' lang='lat' dir='ltr'><strong>An</strong></span> <span class='ocrx_word' id='word_1_48' title='bbox 919 1236 1277 1309; x_wconf 82' lang='lat' dir='ltr'>credibile,</span> <span class='ocrx_word' id='word_1_49' title='bbox 1321 1235 1489 1296; x_wconf 85' lang='lat' dir='ltr'><strong>intra</strong></span> <span class='ocrx_word' id='word_1_50' title='bbox 1528 1246 1652 1295; x_wconf 88' lang='lat' dir='ltr'><strong>tam</strong></span> <span class='ocrx_word' id='word_1_51' title='bbox 1692 1252 1844 1314; x_wconf 88' lang='lat' dir='ltr'><strong>pau-</strong></span> 
     </span>
     <span class='ocr_line' id='line_1_9' title="bbox 236 1331 1844 1424; baseline -0.011 -15"><span class='ocrx_word' id='word_1_52' title='bbox 236 1382 243 1390; x_wconf 92' lang='lat'><strong>·</strong></span> <span class='ocrx_word' id='word_1_53' title='bbox 355 1367 465 1408; x_wconf 87' lang='lat' dir='ltr'><strong>cos</strong></span> <span class='ocrx_word' id='word_1_54' title='bbox 509 1344 682 1417; x_wconf 85' lang='lat' dir='ltr'><strong>dies,</strong></span> <span class='ocrx_word' id='word_1_55' title='bbox 727 1340 839 1424; x_wconf 91' lang='lat' dir='ltr'><strong>qui</strong></span> <span class='ocrx_word' id='word_1_56' title='bbox 886 1361 921 1400; x_wconf 88' lang='lat' dir='ltr'><strong>a</strong></span> <span class='ocrx_word' id='word_1_57' title='bbox 970 1337 1203 1401; x_wconf 76' lang='lat' dir='ltr'><strong>Severi</strong></span> <span class='ocrx_word' id='word_1_58' title='bbox 1248 1343 1481 1397; x_wconf 81' lang='lat' dir='ltr'><strong>morte&#39;</strong></span> <span class='ocrx_word' id='word_1_59' title='bbox 1510 1353 1714 1416; x_wconf 84' lang='lat' dir='ltr'><strong>usque</strong></span> <span class='ocrx_word' id='word_1_60' title='bbox 1762 1331 1844 1396; x_wconf 83' lang='lat' dir='ltr'><strong>ad</strong></span> 
     </span>
     <span class='ocr_line' id='line_1_10' title="bbox 352 1430 1847 1518; baseline -0.007 -12"><span class='ocrx_word' id='word_1_61' title='bbox 352 1448 559 1509; x_wconf 87' lang='lat' dir='ltr'><strong>Getae</strong></span> <span class='ocrx_word' id='word_1_62' title='bbox 593 1444 989 1506; x_wconf 87' lang='lat' dir='ltr'><strong>tribunatum</strong></span> <span class='ocrx_word' id='word_1_63' title='bbox 1009 1430 1120 1505; x_wconf 71' lang='lat' dir='ltr'><strong>lV.</strong></span> <span class='ocrx_word' id='word_1_64' title='bbox 1149 1441 1686 1514; x_wconf 71' lang='lat' dir='ltr'><strong>intercesserant,</strong></span> <span class='ocrx_word' id='word_1_65' title='bbox 1730 1453 1847 1518; x_wconf 88' lang='lat' dir='ltr'><strong>po·</strong></span> 
     </span>
     <span class='ocr_line' id='line_1_11' title="bbox 353 1535 1843 1620; baseline -0.007 -10"><span class='ocrx_word' id='word_1_66' title='bbox 353 1549 556 1620; x_wconf 75' lang='lat' dir='ltr'><strong>tuisse</strong></span> <span class='ocrx_word' id='word_1_67' title='bbox 601 1547 909 1609; x_wconf 87' lang='lat' dir='ltr'><strong>nuncium</strong></span> <span class='ocrx_word' id='word_1_68' title='bbox 959 1542 1192 1607; x_wconf 86' lang='lat' dir='ltr'><strong>Severi</strong></span> <span class='ocrx_word' id='word_1_69' title='bbox 1245 1539 1486 1603; x_wconf 84' lang='lat' dir='ltr'><strong>mortui</strong></span> <span class='ocrx_word' id='word_1_70' title='bbox 1541 1535 1843 1599; x_wconf 85' lang='lat' dir='ltr'><strong>Eboraco</strong></span> 
     </span>
     <span class='ocr_line' id='line_1_12' title="bbox 315 1627 1841 1733; baseline -0.007 -21"><span class='ocrx_word' id='word_1_71' title='bbox 315 1652 628 1712; x_wconf 78' lang='lat' dir='ltr'><strong>,Romam</strong></span> <span class='ocrx_word' id='word_1_72' title='bbox 681 1645 1003 1733; x_wconf 78' lang='lat' dir='ltr'>perferri,</span> <span class='ocrx_word' id='word_1_73' title='bbox 1068 1631 1445 1726; x_wconf 87' lang='lat' dir='ltr'><strong>praeparari</strong></span> <span class='ocrx_word' id='word_1_74' title='bbox 1494 1627 1841 1715; x_wconf 82' lang='lat' dir='ltr'><strong>-matrices,</strong></span> 
     </span>
     <span class='ocr_line' id='line_1_13' title="bbox 356 1742 1843 1834; baseline -0.009 -21"><span class='ocrx_word' id='word_1_75' title='bbox 356 1766 422 1813; x_wconf 89' lang='lat' dir='ltr'><strong>et</strong></span> <span class='ocrx_word' id='word_1_76' title='bbox 468 1764 595 1813; x_wconf 84' lang='lat' dir='ltr'><strong>tam</strong></span> <span class='ocrx_word' id='word_1_77' title='bbox 650 1752 951 1834; x_wconf 85' lang='lat' dir='ltr'><strong>copiosos</strong></span> <span class='ocrx_word' id='word_1_78' title='bbox 994 1745 1486 1811; x_wconf 84' lang='lat' dir='ltr'><strong>numos-adhuc</strong></span> <span class='ocrx_word' id='word_1_79' title='bbox 1530 1742 1679 1804; x_wconf 84' lang='lat' dir='ltr'><strong>trib.</strong></span> <span class='ocrx_word' id='word_1_80' title='bbox 1728 1760 1843 1824; x_wconf 87' lang='lat' dir='ltr'><strong>po-</strong></span> 
     </span>
     <span class='ocr_line' id='line_1_14' title="bbox 351 1841 1841 1927; baseline -0.01 -9"><span class='ocrx_word' id='word_1_81' title='bbox 351 1869 585 1918; x_wconf 79' lang='lat' dir='ltr'>testate</span> <span class='ocrx_word' id='word_1_82' title='bbox 628 1857 738 1916; x_wconf 87' lang='lat'><strong>111.</strong></span> <span class='ocrx_word' id='word_1_83' title='bbox 787 1865 1042 1914; x_wconf 83' lang='lat' dir='ltr'><strong>notatos</strong></span> <span class='ocrx_word' id='word_1_84' title='bbox 1069 1896 1085 1927; x_wconf 91' lang='lat'><strong>,</strong></span> <span class='ocrx_word' id='word_1_85' title='bbox 1143 1860 1209 1912; x_wconf 86' lang='lat' dir='ltr'><strong>et</strong></span> <span class='ocrx_word' id='word_1_86' title='bbox 1255 1860 1384 1909; x_wconf 90' lang='lat' dir='ltr'><strong>tam</strong></span> <span class='ocrx_word' id='word_1_87' title='bbox 1428 1844 1626 1911; x_wconf 79' lang='lat' dir='ltr'><strong>variis</strong></span> <span class='ocrx_word' id='word_1_88' title='bbox 1674 1841 1841 1925; x_wconf 84' lang='lat' dir='ltr'><strong>typis</strong></span> 
     </span>
     <span class='ocr_line' id='line_1_15' title="bbox 351 1942 1839 2038; baseline -0.009 -21"><span class='ocrx_word' id='word_1_89' title='bbox 351 1957 608 2018; x_wconf 82' lang='lat' dir='ltr'><strong>emitti?</strong></span> <span class='ocrx_word' id='word_1_90' title='bbox 691 1957 797 2015; x_wconf 87' lang='lat' dir='ltr'><strong>Ex</strong></span> <span class='ocrx_word' id='word_1_91' title='bbox 838 1947 966 2038; x_wconf 85' lang='lat' dir='ltr'><strong>quo</strong></span> <span class='ocrx_word' id='word_1_92' title='bbox 1023 1949 1349 2024; x_wconf 83' lang='lat' dir='ltr'><strong>efficitur,</strong></span> <span class='ocrx_word' id='word_1_93' title='bbox 1429 1945 1635 2032; x_wconf 82' lang='lat' dir='ltr'><strong>Getae</strong></span> <span class='ocrx_word' id='word_1_94' title='bbox 1687 1942 1839 2004; x_wconf 88' lang='lat' dir='ltr'><strong>trib.</strong></span> 
     </span>
     <span class='ocr_line' id='line_1_16' title="bbox 349 2037 1836 2139; baseline -0.008 -21"><span class='ocrx_word' id='word_1_95' title='bbox 349 2070 738 2139; x_wconf 86' lang='lat' dir='ltr'><strong>potestatem</strong></span> <span class='ocrx_word' id='word_1_96' title='bbox 772 2053 1062 2117; x_wconf 87' lang='lat' dir='ltr'><strong>nondum</strong></span> <span class='ocrx_word' id='word_1_97' title='bbox 1089 2037 1294 2128; x_wconf 74' lang='lat' dir='ltr'><strong>fuisse</strong></span> <span class='ocrx_word' id='word_1_98' title='bbox 1332 2049 1611 2113; x_wconf 80' lang='lat' dir='ltr'><strong>delatam</strong></span> <span class='ocrx_word' id='word_1_99' title='bbox 1646 2047 1727 2114; x_wconf 90' lang='lat' dir='ltr'><strong>V.</strong></span> <span class='ocrx_word' id='word_1_100' title='bbox 1765 2045 1836 2108; x_wconf 91' lang='lat' dir='ltr'><strong>C.</strong></span> 
     </span>
     <span class='ocr_line' id='line_1_17' title="bbox 352 2161 496 2239; baseline 0.007 -21"><span class='ocrx_word' id='word_1_101' title='bbox 352 2161 496 2239; x_wconf 69' lang='lat'><strong>901.</strong></span> 
     </span>
    </p>

    <p class='ocr_par' dir='ltr' id='par_1_3' title="bbox 263 2249 1840 2729">
     <span class='ocr_line' id='line_1_18' title="bbox 477 2249 1828 2334; baseline -0.006 -14"><span class='ocrx_word' id='word_1_102' title='bbox 477 2260 609 2322; x_wconf 85' lang='lat' dir='ltr'><strong>Sed</strong></span> <span class='ocrx_word' id='word_1_103' title='bbox 639 2260 831 2323; x_wconf 88' lang='lat' dir='ltr'><strong>etiam</strong></span> <span class='ocrx_word' id='word_1_104' title='bbox 866 2254 1187 2320; x_wconf 84' lang='lat' dir='ltr'><strong>sententia</strong></span> <span class='ocrx_word' id='word_1_105' title='bbox 1215 2255 1469 2317; x_wconf 75' lang='lat' dir='ltr'><strong>delatae</strong></span> <span class='ocrx_word' id='word_1_106' title='bbox 1498 2254 1580 2321; x_wconf 90' lang='lat' dir='ltr'><strong>V.</strong></span> <span class='ocrx_word' id='word_1_107' title='bbox 1619 2253 1690 2317; x_wconf 89' lang='lat' dir='ltr'><strong>C.</strong></span> <span class='ocrx_word' id='word_1_108' title='bbox 1712 2249 1828 2334; x_wconf 66' lang='lat' dir='ltr'><strong>qb·</strong></span> 
     </span>
     <span class='ocr_line' id='line_1_19' title="bbox 352 2353 1840 2447; baseline -0.004 -27"><span class='ocrx_word' id='word_1_109' title='bbox 352 2363 504 2422; x_wconf 84' lang='lat' dir='ltr'><strong>trib.</strong></span> <span class='ocrx_word' id='word_1_110' title='bbox 553 2360 887 2447; x_wconf 84' lang='lat' dir='ltr'><strong>potestatis</strong></span> <span class='ocrx_word' id='word_1_111' title='bbox 925 2380 1111 2421; x_wconf 84' lang='lat' dir='ltr'><strong>meae</strong></span> <span class='ocrx_word' id='word_1_112' title='bbox 1164 2354 1502 2419; x_wconf 88' lang='lat' dir='ltr'><strong>doctrinae</strong></span> <span class='ocrx_word' id='word_1_113' title='bbox 1539 2353 1840 2418; x_wconf 80' lang='lat' dir='ltr'><strong>adversa·</strong></span> 
     </span>
     <span class='ocr_line' id='line_1_20' title="bbox 345 2456 1839 2545; baseline -0.003 -20"><span class='ocrx_word' id='word_1_114' title='bbox 345 2477 488 2539; x_wconf 86' lang='lat' dir='ltr'><strong>tur,</strong></span> <span class='ocrx_word' id='word_1_115' title='bbox 535 2464 643 2545; x_wconf 82' lang='lat' dir='ltr'><strong>qui</strong></span> <span class='ocrx_word' id='word_1_116' title='bbox 677 2484 760 2526; x_wconf 88' lang='lat' dir='ltr'><strong>ex</strong></span> <span class='ocrx_word' id='word_1_117' title='bbox 805 2461 955 2543; x_wconf 80' lang='lat' dir='ltr'><strong>lege</strong></span> <span class='ocrx_word' id='word_1_118' title='bbox 983 2456 1518 2543; x_wconf 84' lang='lat' dir='ltr'><strong>praecedentium</strong></span> <span class='ocrx_word' id='word_1_119' title='bbox 1560 2456 1839 2537; x_wconf 75' lang='lat' dir='ltr'><strong>impera·</strong></span> 
     </span>
     <span class='ocr_line' id='line_1_21' title="bbox 348 2551 1837 2642; baseline -0.005 -16"><span class='ocrx_word' id='word_1_120' title='bbox 348 2574 568 2627; x_wconf 85' lang='lat' dir='ltr'><strong>torum</strong></span> <span class='ocrx_word' id='word_1_121' title='bbox 602 2585 730 2627; x_wconf 89' lang='lat' dir='ltr'><strong>non</strong></span> <span class='ocrx_word' id='word_1_122' title='bbox 753 2565 857 2626; x_wconf 89' lang='lat' dir='ltr'><strong>die</strong></span> <span class='ocrx_word' id='word_1_123' title='bbox 882 2562 1077 2624; x_wconf 86' lang='lat' dir='ltr'><strong>natali</strong></span> <span class='ocrx_word' id='word_1_124' title='bbox 1098 2559 1392 2642; x_wconf 87' lang='lat' dir='ltr'><strong>imperii,</strong></span> <span class='ocrx_word' id='word_1_125' title='bbox 1435 2556 1549 2618; x_wconf 86' lang='lat' dir='ltr'><strong>sed</strong></span> <span class='ocrx_word' id='word_1_126' title='bbox 1569 2551 1837 2619; x_wconf 82' lang='lat' dir='ltr'><strong>ineunte</strong></span> 
     </span>
     <span class='ocr_line' id='line_1_22' title="bbox 263 2658 1833 2729; baseline -0.008 1"><span class='ocrx_word' id='word_1_127' title='bbox 263 2698 271 2702; x_wconf 91' lang='lat'>·</span> <span class='ocrx_word' id='word_1_128' title='bbox 341 2687 509 2729; x_wconf 87' lang='lat' dir='ltr'><strong>anno</strong></span> <span class='ocrx_word' id='word_1_129' title='bbox 550 2666 798 2729; x_wconf 84' lang='lat' dir='ltr'><strong>Iuliano</strong></span> <span class='ocrx_word' id='word_1_130' title='bbox 834 2667 1136 2728; x_wconf 82' lang='lat' dir='ltr'><strong>iteratum</strong></span> <span class='ocrx_word' id='word_1_131' title='bbox 1170 2685 1207 2724; x_wconf 91' lang='lat' dir='ltr'><strong>a</strong></span> <span class='ocrx_word' id='word_1_132' title='bbox 1241 2660 1408 2722; x_wconf 89' lang='lat' dir='ltr'><strong>Geta</strong></span> <span class='ocrx_word' id='word_1_133' title='bbox 1440 2658 1833 2720; x_wconf 89' lang='lat' dir='ltr'><strong>tribunatum</strong></span> 
     </span>
    </p>

    <p class='ocr_par' dir='ltr' id='par_1_4' title="bbox 235 2760 1837 2940">
     <span class='ocr_line' id='line_1_23' title="bbox 235 2760 1837 2851; baseline -0.004 -19"><span class='ocrx_word' id='word_1_134' title='bbox 235 2795 253 2815; x_wconf 58' lang='grc' dir='ltr'><em>ι</em></span> <span class='ocrx_word' id='word_1_135' title='bbox 338 2769 473 2851; x_wconf 63' lang='lat' dir='ltr'><strong>ajo..</strong></span> <span class='ocrx_word' id='word_1_136' title='bbox 550 2771 712 2832; x_wconf 87' lang='lat' dir='ltr'><strong>Nam</strong></span> <span class='ocrx_word' id='word_1_137' title='bbox 740 2780 1032 2846; x_wconf 71' lang='lat' dir='ltr'><strong>tum„ut</strong></span> <span class='ocrx_word' id='word_1_138' title='bbox 1062 2762 1324 2828; x_wconf 85' lang='lat' dir='ltr'><strong>literaC</strong></span> <span class='ocrx_word' id='word_1_139' title='bbox 1360 2760 1659 2837; x_wconf 82' lang='lat' dir='ltr'><strong>exhibet,</strong></span> <span class='ocrx_word' id='word_1_140' title='bbox 1707 2760 1837 2825; x_wconf 88' lang='lat' dir='ltr'><strong>Ge-</strong></span> 
     </span>
     <span class='ocr_line' id='line_1_24' title="bbox 338 2864 1832 2940; baseline -0.005 -9"><span class='ocrx_word' id='word_1_141' title='bbox 338 2887 443 2932; x_wconf 82' lang='lat' dir='ltr'><strong>tae</strong></span> <span class='ocrx_word' id='word_1_142' title='bbox 485 2867 1111 2934; x_wconf 78' lang='lat' dir='ltr'><strong>tribuendus‘adhuc</strong></span> <span class='ocrx_word' id='word_1_143' title='bbox 1147 2878 1321 2929; x_wconf 85' lang='lat' dir='ltr'><strong>esset</strong></span> <span class='ocrx_word' id='word_1_144' title='bbox 1352 2864 1714 2927; x_wconf 70' lang='lat' dir='ltr'><strong>tribunatus</strong></span> <span class='ocrx_word' id='word_1_145' title='bbox 1729 2867 1832 2940; x_wconf 89' lang='lat' dir='ltr'><strong>V.,</strong></span> 
     </span>
    </p>
   </div>
   <div class='ocr_carea' id='block_1_3' title="bbox 340 2965 3464 3157">
    <p class='ocr_par' dir='ltr' id='par_1_5' title="bbox 340 2965 3464 3157">
     <span class='ocr_line' id='line_1_25' title="bbox 340 2965 1857 3051; baseline -0.005 -16"><span class='ocrx_word' id='word_1_146' title='bbox 340 2995 486 3035; x_wconf 88' lang='lat' dir='ltr'><strong>cum</strong></span> <span class='ocrx_word' id='word_1_147' title='bbox 526 2988 743 3036; x_wconf 87' lang='lat' dir='ltr'><strong>tamen</strong></span> <span class='ocrx_word' id='word_1_148' title='bbox 795 2970 976 3034; x_wconf 90' lang='lat' dir='ltr'><strong>numi</strong></span> <span class='ocrx_word' id='word_1_149' title='bbox 1027 2970 1136 3035; x_wconf 78' lang='lat' dir='ltr'><strong>vix</strong></span> <span class='ocrx_word' id='word_1_150' title='bbox 1183 2979 1479 3051; x_wconf 88' lang='lat' dir='ltr'><strong>quartum</strong></span> <span class='ocrx_word' id='word_1_151' title='bbox 1518 2965 1645 3049; x_wconf 86' lang='lat' dir='ltr'><strong>jam</strong></span> <span class='ocrx_word' id='word_1_152' title='bbox 1697 2984 1857 3040; x_wconf 70' lang='lat' dir='ltr'><strong>me·⁴</strong></span> 
     </span>
     <span class='ocr_line' id='line_1_26' title="bbox 1821 3070 3464 3157; baseline 0.002 -21"><span class='ocrx_word' id='word_1_153' title='bbox 1821 3108 1839 3121; x_wconf 81' lang='lat'><strong>·</strong></span> <span class='ocrx_word' id='word_1_154' title='bbox 1948 3074 2234 3157; x_wconf 76' lang='lat' dir='ltr'><strong>imagine</strong></span> <span class='ocrx_word' id='word_1_155' title='bbox 2284 3070 2608 3152; x_wconf 81' lang='lat' dir='ltr'><strong>insignem</strong></span> <span class='ocrx_word' id='word_1_156' title='bbox 2643 3072 2916 3138; x_wconf 83' lang='lat' dir='ltr'><strong>conflari</strong></span> <span class='ocrx_word' id='word_1_157' title='bbox 2958 3072 3224 3156; x_wconf 85' lang='lat' dir='ltr'><strong>jusserit</strong></span> <span class='ocrx_word' id='word_1_158' title='bbox 3249 3120 3267 3154; x_wconf 95' lang='lat'><strong>,</strong></span> <span class='ocrx_word' id='word_1_159' title='bbox 3305 3096 3464 3140; x_wconf 57' lang='lat' dir='ltr'><strong>cerm</strong></span> 
     </span>
    </p>
   </div>
   <div class='ocr_carea' id='block_1_4' title="bbox 345 3087 1833 3269">
    <p class='ocr_par' dir='ltr' id='par_1_6' title="bbox 345 3087 1833 3269">
     <span class='ocr_line' id='line_1_27' title="bbox 345 3087 649 3145; baseline -0.013 -8"><span class='ocrx_word' id='word_1_160' title='bbox 345 3087 649 3145; x_wconf 54' lang='lat' dir='ltr'><strong>morent„</strong></span> 
     </span>
     <span class='ocr_line' id='line_1_28' title="bbox 470 3166 1833 3269; baseline -0.005 -33"><span class='ocrx_word' id='word_1_161' title='bbox 470 3175 691 3269; x_wconf 80' lang='lat' dir='ltr'><strong>Quare</strong></span> <span class='ocrx_word' id='word_1_162' title='bbox 729 3195 874 3237; x_wconf 88' lang='lat' dir='ltr'><strong>cum</strong></span> <span class='ocrx_word' id='word_1_163' title='bbox 902 3172 1080 3233; x_wconf 86' lang='lat' dir='ltr'><strong>numi</strong></span> <span class='ocrx_word' id='word_1_164' title='bbox 1106 3170 1171 3230; x_wconf 91' lang='lat' dir='ltr'><strong>in</strong></span> <span class='ocrx_word' id='word_1_165' title='bbox 1203 3183 1476 3251; x_wconf 86' lang='lat' dir='ltr'><strong>utraque</strong></span> <span class='ocrx_word' id='word_1_166' title='bbox 1512 3166 1833 3230; x_wconf 85' lang='lat' dir='ltr'><strong>sententia</strong></span> 
     </span>
    </p>
   </div>
   <div class='ocr_carea' id='block_1_5' title="bbox 310 3268 1835 4479">
    <p class='ocr_par' dir='ltr' id='par_1_7' title="bbox 310 3268 1834 3660">
     <span class='ocr_line' id='line_1_29' title="bbox 310 3268 1834 3358; baseline -0.005 -21"><span class='ocrx_word' id='word_1_167' title='bbox 310 3296 576 3337; x_wconf 69' lang='lat' dir='ltr'><strong>annum</strong></span> <span class='ocrx_word' id='word_1_168' title='bbox 634 3278 748 3358; x_wconf 74' lang='lat'><strong>96·</strong></span> <span class='ocrx_word' id='word_1_169' title='bbox 800 3296 924 3358; x_wconf 87' lang='lat' dir='ltr'><strong>pro</strong></span> <span class='ocrx_word' id='word_1_170' title='bbox 983 3271 1319 3357; x_wconf 77' lang='lat' dir='ltr'><strong>principio‘</strong></span> <span class='ocrx_word' id='word_1_171' title='bbox 1353 3268 1506 3332; x_wconf 89' lang='lat' dir='ltr'><strong>trib.</strong></span> <span class='ocrx_word' id='word_1_172' title='bbox 1554 3280 1834 3349; x_wconf 82' lang='lat' dir='ltr'><strong>potesta·</strong></span> 
     </span>
     <span class='ocr_line' id='line_1_30' title="bbox 343 3368 1833 3454; baseline -0.005 -19"><span class='ocrx_word' id='word_1_173' title='bbox 343 3379 457 3449; x_wconf 87' lang='lat' dir='ltr'><strong>tis,</strong></span> <span class='ocrx_word' id='word_1_174' title='bbox 503 3377 868 3454; x_wconf 77' lang='lat' dir='ltr'><strong>fastidiant,</strong></span> <span class='ocrx_word' id='word_1_175' title='bbox 916 3378 980 3439; x_wconf 91' lang='lat' dir='ltr'><strong>in</strong></span> <span class='ocrx_word' id='word_1_176' title='bbox 1010 3384 1289 3438; x_wconf 61' lang='lat' dir='ltr'><strong>‘examen</strong></span> <span class='ocrx_word' id='word_1_177' title='bbox 1325 3368 1599 3435; x_wconf 55' lang='lat' dir='ltr'><strong>Vocetur</strong></span> <span class='ocrx_word' id='word_1_178' title='bbox 1632 3386 1833 3430; x_wconf 85' lang='lat' dir='ltr'><strong>annus</strong></span> 
     </span>
     <span class='ocr_line' id='line_1_31' title="bbox 344 3477 1834 3561; baseline -0.005 -23"><span class='ocrx_word' id='word_1_179' title='bbox 344 3480 503 3561; x_wconf 68' lang='lat'><strong>962,</strong></span> <span class='ocrx_word' id='word_1_180' title='bbox 562 3491 631 3539; x_wconf 91' lang='lat' dir='ltr'><strong>ut</strong></span> <span class='ocrx_word' id='word_1_181' title='bbox 686 3479 875 3542; x_wconf 84' lang='lat' dir='ltr'><strong>litera</strong></span> <span class='ocrx_word' id='word_1_182' title='bbox 908 3480 963 3539; x_wconf 90' lang='grc' dir='ltr'>Β</span> <span class='ocrx_word' id='word_1_183' title='bbox 1005 3477 1305 3550; x_wconf 67' lang='lat' dir='ltr'><strong>exhibet,</strong></span> <span class='ocrx_word' id='word_1_184' title='bbox 1368 3487 1438 3535; x_wconf 87' lang='lat' dir='ltr'><strong>et</strong></span> <span class='ocrx_word' id='word_1_185' title='bbox 1475 3491 1623 3535; x_wconf 89' lang='lat' dir='ltr'><strong>cum</strong></span> <span class='ocrx_word' id='word_1_186' title='bbox 1666 3483 1834 3532; x_wconf 87' lang='lat' dir='ltr'><strong>utra·</strong></span> 
     </span>
     <span class='ocr_line' id='line_1_32' title="bbox 344 3567 1337 3660; baseline -0.001 -19"><span class='ocrx_word' id='word_1_187' title='bbox 344 3601 469 3660; x_wconf 88' lang='lat' dir='ltr'><strong>que</strong></span> <span class='ocrx_word' id='word_1_188' title='bbox 516 3567 839 3644; x_wconf 82' lang='lat' dir='ltr'><strong>sententia</strong></span> <span class='ocrx_word' id='word_1_189' title='bbox 886 3578 1337 3643; x_wconf 69' lang='lat' dir='ltr'><strong>contendatur.</strong></span> 
     </span>
    </p>

    <p class='ocr_par' dir='ltr' id='par_1_8' title="bbox 337 3673 1835 4479">
     <span class='ocr_line' id='line_1_33' title="bbox 470 3673 1835 3765; baseline -0.006 -21"><span class='ocrx_word' id='word_1_190' title='bbox 470 3683 541 3745; x_wconf 83' lang='lat' dir='ltr'><strong>si</strong></span> <span class='ocrx_word' id='word_1_191' title='bbox 585 3681 751 3746; x_wconf 86' lang='lat' dir='ltr'><strong>Geta</strong></span> <span class='ocrx_word' id='word_1_192' title='bbox 782 3683 865 3750; x_wconf 95' lang='lat' dir='ltr'><strong>V.</strong></span> <span class='ocrx_word' id='word_1_193' title='bbox 915 3684 986 3744; x_wconf 90' lang='lat' dir='ltr'><strong>C.</strong></span> <span class='ocrx_word' id='word_1_194' title='bbox 1027 3681 1150 3765; x_wconf 74' lang='lat'><strong>962</strong></span> <span class='ocrx_word' id='word_1_195' title='bbox 1174 3726 1190 3756; x_wconf 93' lang='lat'>‚</span> <span class='ocrx_word' id='word_1_196' title='bbox 1237 3691 1305 3742; x_wconf 85' lang='lat' dir='ltr'><strong>et</strong></span> <span class='ocrx_word' id='word_1_197' title='bbox 1344 3675 1609 3762; x_wconf 87' lang='lat' dir='ltr'><strong>quidem</strong></span> <span class='ocrx_word' id='word_1_198' title='bbox 1644 3673 1835 3738; x_wconf 86' lang='lat' dir='ltr'><strong>nonis</strong></span> 
     </span>
     <span class='ocr_line' id='line_1_34' title="bbox 338 3765 1835 3868; baseline -0.005 -24"><span class='ocrx_word' id='word_1_199' title='bbox 338 3784 594 3848; x_wconf 81' lang='lat' dir='ltr'><strong>Martiis</strong></span> <span class='ocrx_word' id='word_1_200' title='bbox 629 3786 781 3847; x_wconf 85' lang='lat' dir='ltr'><strong>trib.</strong></span> <span class='ocrx_word' id='word_1_201' title='bbox 820 3765 1207 3868; x_wconf 85' lang='lat' dir='ltr'><strong>potestatem</strong></span> <span class='ocrx_word' id='word_1_202' title='bbox 1244 3779 1548 3855; x_wconf 85' lang='lat' dir='ltr'><strong>abstulit,</strong></span> <span class='ocrx_word' id='word_1_203' title='bbox 1591 3779 1657 3839; x_wconf 90' lang='lat' dir='ltr'><strong>in</strong></span> <span class='ocrx_word' id='word_1_204' title='bbox 1690 3797 1835 3840; x_wconf 85' lang='lat' dir='ltr'><strong>sen-</strong></span> 
     </span>
     <span class='ocr_line' id='line_1_35' title="bbox 339 3880 1834 3969; baseline -0.003 -21"><span class='ocrx_word' id='word_1_205' title='bbox 339 3890 537 3963; x_wconf 83' lang='lat' dir='ltr'><strong>tentia</strong></span> <span class='ocrx_word' id='word_1_206' title='bbox 574 3887 989 3952; x_wconf 86' lang='lat' dir='ltr'><strong>Mediobarhi</strong></span> <span class='ocrx_word' id='word_1_207' title='bbox 1012 3931 1029 3962; x_wconf 96' lang='lat'>‚</span> <span class='ocrx_word' id='word_1_208' title='bbox 1076 3885 1184 3969; x_wconf 91' lang='lat' dir='ltr'><strong>qui</strong></span> <span class='ocrx_word' id='word_1_209' title='bbox 1223 3904 1364 3946; x_wconf 88' lang='lat' dir='ltr'><strong>eam</strong></span> <span class='ocrx_word' id='word_1_210' title='bbox 1395 3880 1593 3944; x_wconf 86' lang='lat' dir='ltr'><strong>natali</strong></span> <span class='ocrx_word' id='word_1_211' title='bbox 1630 3880 1834 3963; x_wconf 82' lang='lat' dir='ltr'><strong>irnpe-</strong></span> 
     </span>
     <span class='ocr_line' id='line_1_36' title="bbox 338 3972 1830 4070; baseline -0.004 -19"><span class='ocrx_word' id='word_1_212' title='bbox 338 3991 423 4053; x_wconf 89' lang='lat' dir='ltr'><strong>rii</strong></span> <span class='ocrx_word' id='word_1_213' title='bbox 459 3992 699 4055; x_wconf 84' lang='lat' dir='ltr'><strong>iterare</strong></span> <span class='ocrx_word' id='word_1_214' title='bbox 752 3991 959 4063; x_wconf 86' lang='lat' dir='ltr'><strong>solet,</strong></span> <span class='ocrx_word' id='word_1_215' title='bbox 1007 4002 1090 4049; x_wconf 85' lang='lat' dir='ltr'><strong>ne</strong></span> <span class='ocrx_word' id='word_1_216' title='bbox 1129 3983 1395 4070; x_wconf 85' lang='lat' dir='ltr'><strong>quidem</strong></span> <span class='ocrx_word' id='word_1_217' title='bbox 1431 3972 1830 4047; x_wconf 86' lang='lat' dir='ltr'><strong>tribunatum</strong></span> 
     </span>
     <span class='ocr_line' id='line_1_37' title="bbox 340 4084 1832 4178; baseline -0.003 -28"><span class='ocrx_word' id='word_1_218' title='bbox 340 4093 448 4159; x_wconf 85' lang='lat' dir='ltr'><strong>lv.</strong></span> <span class='ocrx_word' id='word_1_219' title='bbox 502 4095 746 4177; x_wconf 85' lang='lat' dir='ltr'><strong>attigit,</strong></span> <span class='ocrx_word' id='word_1_220' title='bbox 813 4092 1118 4178; x_wconf 88' lang='lat' dir='ltr'><strong>quoniam</strong></span> <span class='ocrx_word' id='word_1_221' title='bbox 1159 4110 1243 4151; x_wconf 81' lang='lat' dir='ltr'><strong>ex</strong></span> <span class='ocrx_word' id='word_1_222' title='bbox 1279 4088 1422 4170; x_wconf 86' lang='lat' dir='ltr'><strong>ejus</strong></span> <span class='ocrx_word' id='word_1_223' title='bbox 1456 4086 1664 4170; x_wconf 81' lang='lat' dir='ltr'><strong>ipsius</strong></span> <span class='ocrx_word' id='word_1_224' title='bbox 1698 4084 1832 4168; x_wconf 88' lang='lat' dir='ltr'><strong>opi·</strong></span> 
     </span>
     <span class='ocr_line' id='line_1_38' title="bbox 338 4187 1832 4273; baseline -0.002 -22"><span class='ocrx_word' id='word_1_225' title='bbox 338 4193 535 4255; x_wconf 89' lang='lat' dir='ltr'><strong>nione</strong></span> <span class='ocrx_word' id='word_1_226' title='bbox 567 4215 793 4259; x_wconf 83' lang='lat' dir='ltr'><strong>caesus</strong></span> <span class='ocrx_word' id='word_1_227' title='bbox 822 4210 920 4259; x_wconf 87' lang='lat' dir='ltr'><strong>est</strong></span> <span class='ocrx_word' id='word_1_228' title='bbox 956 4205 1237 4273; x_wconf 82' lang='lat' dir='ltr'><strong>exeunte</strong></span> <span class='ocrx_word' id='word_1_229' title='bbox 1268 4189 1659 4254; x_wconf 82' lang='lat' dir='ltr'><strong>Februario.</strong></span> <span class='ocrx_word' id='word_1_230' title='bbox 1743 4187 1832 4249; x_wconf 89' lang='lat' dir='ltr'><strong>Et</strong></span> 
     </span>
     <span class='ocr_line' id='line_1_39' title="bbox 342 4291 1832 4380; baseline 0.001 -28"><span class='ocrx_word' id='word_1_231' title='bbox 342 4304 555 4354; x_wconf 87' lang='lat' dir='ltr'><strong>tamen</strong></span> <span class='ocrx_word' id='word_1_232' title='bbox 594 4297 733 4380; x_wconf 85' lang='lat' dir='ltr'><strong>ipse</strong></span> <span class='ocrx_word' id='word_1_233' title='bbox 778 4319 1009 4360; x_wconf 85' lang='lat' dir='ltr'><strong>numos</strong></span> <span class='ocrx_word' id='word_1_234' title='bbox 1054 4295 1385 4357; x_wconf 82' lang='lat' dir='ltr'><strong>tribunatu</strong></span> <span class='ocrx_word' id='word_1_235' title='bbox 1427 4291 1538 4359; x_wconf 84' lang='lat' dir='ltr'><strong>IV.</strong></span> <span class='ocrx_word' id='word_1_236' title='bbox 1572 4302 1832 4361; x_wconf 80' lang='lat' dir='ltr'><strong>notatos</strong></span> 
     </span>
     <span class='ocr_line' id='line_1_40' title="bbox 337 4393 1832 4479; baseline 0.003 -25"><span class='ocrx_word' id='word_1_237' title='bbox 337 4393 593 4459; x_wconf 81' lang='lat' dir='ltr'><strong>recitat.</strong></span> <span class='ocrx_word' id='word_1_238' title='bbox 653 4401 964 4461; x_wconf 88' lang='lat' dir='ltr'><strong>Ceterum</strong></span> <span class='ocrx_word' id='word_1_239' title='bbox 997 4419 1161 4478; x_wconf 83' lang='lat' dir='ltr'><strong>opus</strong></span> <span class='ocrx_word' id='word_1_240' title='bbox 1191 4415 1325 4458; x_wconf 85' lang='lat' dir='ltr'><strong>non</strong></span> <span class='ocrx_word' id='word_1_241' title='bbox 1366 4407 1501 4472; x_wconf 87' lang='lat' dir='ltr'><strong>est,</strong></span> <span class='ocrx_word' id='word_1_242' title='bbox 1536 4393 1832 4479; x_wconf 31' lang='lat' dir='ltr'><strong>„refutan-</strong></span> 
     </span>
    </p>
   </div>
   <div class='ocr_carea' id='block_1_6' title="bbox 3293 467 3444 558">
    <p class='ocr_par' dir='ltr' id='par_1_9' title="bbox 3293 467 3444 558">
     <span class='ocr_line' id='line_1_41' title="bbox 3293 467 3444 558; baseline -0.013 -21"><span class='ocrx_word' id='word_1_243' title='bbox 3293 467 3444 558; x_wconf 59' lang='lat'><strong>*22</strong></span> 
     </span>
    </p>
   </div>
   <div class='ocr_carea' id='block_1_7' title="bbox 1944 625 3457 1320">
    <p class='ocr_par' dir='ltr' id='par_1_10' title="bbox 1944 625 3457 1222">
     <span class='ocr_line' id='line_1_42' title="bbox 1958 625 3457 700; baseline 0.01 -15"><span class='ocrx_word' id='word_1_244' title='bbox 1958 625 2190 689; x_wconf 79' lang='lat' dir='ltr'><strong>tandae</strong></span> <span class='ocrx_word' id='word_1_245' title='bbox 2222 627 2378 690; x_wconf 88' lang='lat' dir='ltr'><strong>huic</strong></span> <span class='ocrx_word' id='word_1_246' title='bbox 2398 625 2727 692; x_wconf 74' lang='lat' dir='ltr'><strong>iterationi</strong></span> <span class='ocrx_word' id='word_1_247' title='bbox 2756 628 3032 694; x_wconf 83' lang='lat' dir='ltr'><strong>multum</strong></span> <span class='ocrx_word' id='word_1_248' title='bbox 3065 629 3303 696; x_wconf 81' lang='lat' dir='ltr'><strong>iterum</strong></span> <span class='ocrx_word' id='word_1_249' title='bbox 3336 633 3457 700; x_wconf 88' lang='lat' dir='ltr'><strong>im-</strong></span> 
     </span>
     <span class='ocr_line' id='line_1_43' title="bbox 1955 728 3452 812; baseline 0.009 -25"><span class='ocrx_word' id='word_1_250' title='bbox 1955 728 2238 806; x_wconf 87' lang='lat' dir='ltr'><strong>morari,</strong></span> <span class='ocrx_word' id='word_1_251' title='bbox 2284 751 2431 794; x_wconf 86' lang='lat' dir='ltr'><strong>cum</strong></span> <span class='ocrx_word' id='word_1_252' title='bbox 2465 728 2734 793; x_wconf 88' lang='lat' dir='ltr'><strong>dubium</strong></span> <span class='ocrx_word' id='word_1_253' title='bbox 2754 751 2885 794; x_wconf 90' lang='lat' dir='ltr'><strong>non</strong></span> <span class='ocrx_word' id='word_1_254' title='bbox 2908 734 3023 808; x_wconf 87' lang='lat' dir='ltr'><strong>sit,</strong></span> <span class='ocrx_word' id='word_1_255' title='bbox 3070 733 3344 812; x_wconf 83' lang='lat' dir='ltr'><strong>eandem</strong></span> <span class='ocrx_word' id='word_1_256' title='bbox 3381 740 3452 801; x_wconf 90' lang='lat' dir='ltr'><strong>in</strong></span> 
     </span>
     <span class='ocr_line' id='line_1_44' title="bbox 1953 828 3452 914; baseline 0.007 -24"><span class='ocrx_word' id='word_1_257' title='bbox 1953 829 2076 892; x_wconf 86' lang='lat' dir='ltr'><strong>hac</strong></span> <span class='ocrx_word' id='word_1_258' title='bbox 2103 828 2321 912; x_wconf 81' lang='lat' dir='ltr'><strong>legem</strong></span> <span class='ocrx_word' id='word_1_259' title='bbox 2341 875 2359 907; x_wconf 91' lang='lat'><strong>,</strong></span> <span class='ocrx_word' id='word_1_260' title='bbox 2405 849 2596 913; x_wconf 86' lang='lat' dir='ltr'><strong>quam</strong></span> <span class='ocrx_word' id='word_1_261' title='bbox 2619 846 2901 896; x_wconf 86' lang='lat' dir='ltr'><strong>tenuere</strong></span> <span class='ocrx_word' id='word_1_262' title='bbox 2921 830 3109 914; x_wconf 76' lang='lat' dir='ltr'><strong>patei·</strong></span> <span class='ocrx_word' id='word_1_263' title='bbox 3128 849 3196 898; x_wconf 85' lang='lat' dir='ltr'><strong>et</strong></span> <span class='ocrx_word' id='word_1_264' title='bbox 3217 835 3452 914; x_wconf 72' lang='lat' dir='ltr'><strong>frater,</strong></span> 
     </span>
     <span class='ocr_line' id='line_1_45' title="bbox 1958 932 3455 1017; baseline 0.005 -22"><span class='ocrx_word' id='word_1_265' title='bbox 1958 945 2263 995; x_wconf 84' lang='lat' dir='ltr'><strong>secutum</strong></span> <span class='ocrx_word' id='word_1_266' title='bbox 2293 952 2554 1017; x_wconf 88' lang='lat' dir='ltr'><strong>quoque</strong></span> <span class='ocrx_word' id='word_1_267' title='bbox 2586 932 2858 1015; x_wconf 82' lang='lat' dir='ltr'><strong>Getam3</strong></span> <span class='ocrx_word' id='word_1_268' title='bbox 2904 947 2968 997; x_wconf 91' lang='lat' dir='ltr'><strong>at</strong></span> <span class='ocrx_word' id='word_1_269' title='bbox 2993 935 3146 999; x_wconf 86' lang='lat' dir='ltr'><strong>illos</strong></span> <span class='ocrx_word' id='word_1_270' title='bbox 3167 937 3455 1003; x_wconf 86' lang='lat' dir='ltr'><strong>tribuna·</strong></span> 
     </span>
     <span class='ocr_line' id='line_1_46' title="bbox 1959 1029 3454 1134; baseline 0.005 -38"><span class='ocrx_word' id='word_1_271' title='bbox 1959 1046 2097 1134; x_wconf 81' lang='lat' dir='ltr'><strong>tum</strong></span> <span class='ocrx_word' id='word_1_272' title='bbox 2118 1029 2403 1106; x_wconf 78' lang='lat' dir='ltr'><strong>ineunte</strong></span> <span class='ocrx_word' id='word_1_273' title='bbox 2443 1054 2614 1098; x_wconf 88' lang='lat' dir='ltr'><strong>anno</strong></span> <span class='ocrx_word' id='word_1_274' title='bbox 2660 1034 2904 1100; x_wconf 84' lang='lat' dir='ltr'><strong>iterare</strong></span> <span class='ocrx_word' id='word_1_275' title='bbox 2937 1035 3209 1116; x_wconf 86' lang='lat' dir='ltr'><strong>solitos,</strong></span> <span class='ocrx_word' id='word_1_276' title='bbox 3256 1061 3454 1124; x_wconf 80' lang='lat' dir='ltr'><strong>supra</strong></span> 
     </span>
     <span class='ocr_line' id='line_1_47' title="bbox 1944 1135 2966 1222; baseline 0.005 -24"><span class='ocrx_word' id='word_1_277' title='bbox 1944 1135 2572 1222; x_wconf 33' lang='lat' dir='ltr'><strong>:comprobavimusg</strong></span> <span class='ocrx_word' id='word_1_278' title='bbox 2961 1156 2966 1160; x_wconf 77' lang='grc'>·</span> 
     </span>
    </p>

    <p class='ocr_par' dir='ltr' id='par_1_11' title="bbox 2083 1238 3456 1320">
     <span class='ocr_line' id='line_1_48' title="bbox 2083 1238 3456 1320; baseline 0.005 -19"><span class='ocrx_word' id='word_1_279' title='bbox 2083 1241 2316 1301; x_wconf 79' lang='lat' dir='ltr'><strong>Restat</strong></span> <span class='ocrx_word' id='word_1_280' title='bbox 2354 1238 2559 1320; x_wconf 86' lang='lat' dir='ltr'><strong>igitur</strong></span> <span class='ocrx_word' id='word_1_281' title='bbox 2595 1239 2828 1302; x_wconf 77' lang='lat' dir='ltr'><strong>modus</strong></span> <span class='ocrx_word' id='word_1_282' title='bbox 2864 1238 2983 1300; x_wconf 84' lang='lat' dir='ltr'><strong>sub</strong></span> <span class='ocrx_word' id='word_1_283' title='bbox 3019 1241 3212 1306; x_wconf 81' lang='lat' dir='ltr'><strong>litera</strong></span> <span class='ocrx_word' id='word_1_284' title='bbox 3243 1244 3306 1304; x_wconf 92' lang='lat' dir='ltr'>D</span> <span class='ocrx_word' id='word_1_285' title='bbox 3346 1265 3456 1308; x_wconf 84' lang='lat' dir='ltr'><strong>ex-</strong></span> 
     </span>
    </p>
   </div>
   <div class='ocr_carea' id='block_1_8' title="bbox 1928 1339 3453 1427">
    <p class='ocr_par' dir='ltr' id='par_1_12' title="bbox 1928 1339 3453 1427">
     <span class='ocr_line' id='line_1_49' title="bbox 1928 1339 3453 1427; baseline 0.007 -29"><span class='ocrx_word' id='word_1_286' title='bbox 1928 1345 2255 1419; x_wconf 76' lang='lat' dir='ltr'><strong>pressus,</strong></span> <span class='ocrx_word' id='word_1_287' title='bbox 2331 1358 2460 1422; x_wconf 86' lang='lat' dir='ltr'><strong>quo</strong></span> <span class='ocrx_word' id='word_1_288' title='bbox 2521 1339 2692 1408; x_wconf 84' lang='lat' dir='ltr'><strong>Geta</strong></span> <span class='ocrx_word' id='word_1_289' title='bbox 2768 1340 3041 1424; x_wconf 87' lang='lat' dir='ltr'><strong>adeptus</strong></span> <span class='ocrx_word' id='word_1_290' title='bbox 3103 1344 3453 1427; x_wconf 86' lang='lat' dir='ltr'><strong>imperium</strong></span> 
     </span>
    </p>
   </div>
   <div class='ocr_carea' id='block_1_9' title="bbox 1954 1438 3458 2035">
    <p class='ocr_par' dir='ltr' id='par_1_13' title="bbox 1954 1438 3458 2035">
     <span class='ocr_line' id='line_1_50' title="bbox 1959 1438 3455 1534; baseline 0.011 -36"><span class='ocrx_word' id='word_1_291' title='bbox 1959 1441 2042 1508; x_wconf 87' lang='lat' dir='ltr'><strong>V.</strong></span> <span class='ocrx_word' id='word_1_292' title='bbox 2089 1442 2160 1502; x_wconf 91' lang='lat' dir='ltr'><strong>C.</strong></span> <span class='ocrx_word' id='word_1_293' title='bbox 2201 1438 2324 1522; x_wconf 74' lang='lat'><strong>962</strong></span> <span class='ocrx_word' id='word_1_294' title='bbox 2367 1439 2703 1516; x_wconf 87' lang='lat' dir='ltr'><strong>statuitur,</strong></span> <span class='ocrx_word' id='word_1_295' title='bbox 2749 1443 2845 1505; x_wconf 88' lang='lat' dir='ltr'><strong>sic</strong></span> <span class='ocrx_word' id='word_1_296' title='bbox 2894 1457 2997 1518; x_wconf 89' lang='lat' dir='ltr'><strong>ut,</strong></span> <span class='ocrx_word' id='word_1_297' title='bbox 3064 1466 3455 1534; x_wconf 86' lang='lat' dir='ltr'><strong>quocunque</strong></span> 
     </span>
     <span class='ocr_line' id='line_1_51' title="bbox 1959 1541 3456 1626; baseline 0.006 -24"><span class='ocrx_word' id='word_1_298' title='bbox 1959 1541 2110 1610; x_wconf 85' lang='lat' dir='ltr'><strong>anni</strong></span> <span class='ocrx_word' id='word_1_299' title='bbox 2147 1541 2254 1603; x_wconf 89' lang='lat' dir='ltr'><strong>die</strong></span> <span class='ocrx_word' id='word_1_300' title='bbox 2282 1542 2618 1623; x_wconf 86' lang='lat' dir='ltr'><strong>accepisse</strong></span> <span class='ocrx_word' id='word_1_301' title='bbox 2654 1541 2809 1607; x_wconf 82' lang='lat' dir='ltr'><strong>trib.</strong></span> <span class='ocrx_word' id='word_1_302' title='bbox 2858 1559 3251 1626; x_wconf 84' lang='lat' dir='ltr'><strong>potestatem</strong></span> <span class='ocrx_word' id='word_1_303' title='bbox 3283 1551 3456 1616; x_wconf 80' lang='lat' dir='ltr'><strong>dica-</strong></span> 
     </span>
     <span class='ocr_line' id='line_1_52' title="bbox 1959 1643 3458 1734; baseline 0.005 -29"><span class='ocrx_word' id='word_1_304' title='bbox 1959 1655 2104 1714; x_wconf 74' lang='lat' dir='ltr'><strong>tus,</strong></span> <span class='ocrx_word' id='word_1_305' title='bbox 2166 1662 2309 1705; x_wconf 86' lang='lat' dir='ltr'><strong>eam</strong></span> <span class='ocrx_word' id='word_1_306' title='bbox 2354 1643 2619 1704; x_wconf 89' lang='lat' dir='ltr'><strong>ineunte</strong></span> <span class='ocrx_word' id='word_1_307' title='bbox 2665 1662 2835 1705; x_wconf 89' lang='lat' dir='ltr'><strong>anno</strong></span> <span class='ocrx_word' id='word_1_308' title='bbox 2881 1663 3201 1730; x_wconf 83' lang='lat' dir='ltr'><strong>sequente</strong></span> <span class='ocrx_word' id='word_1_309' title='bbox 3247 1650 3458 1734; x_wconf 80' lang='lat' dir='ltr'><strong>dupli-</strong></span> 
     </span>
     <span class='ocr_line' id='line_1_53' title="bbox 1960 1742 3456 1833; baseline 0.005 -25"><span class='ocrx_word' id='word_1_310' title='bbox 1960 1745 2226 1809; x_wconf 67' lang='lat' dir='ltr'><strong>caverit.</strong></span> <span class='ocrx_word' id='word_1_311' title='bbox 2317 1742 2693 1806; x_wconf 86' lang='lat' dir='ltr'><strong>Secundum</strong></span> <span class='ocrx_word' id='word_1_312' title='bbox 2759 1744 2923 1808; x_wconf 85' lang='lat' dir='ltr'><strong>hanc</strong></span> <span class='ocrx_word' id='word_1_313' title='bbox 2980 1749 3203 1832; x_wconf 82' lang='lat' dir='ltr'><strong>legem</strong></span> <span class='ocrx_word' id='word_1_314' title='bbox 3263 1754 3456 1833; x_wconf 87' lang='lat' dir='ltr'><strong>plana</strong></span> 
     </span>
     <span class='ocr_line' id='line_1_54' title="bbox 1961 1844 3450 1928; baseline 0.004 -18"><span class='ocrx_word' id='word_1_315' title='bbox 1961 1847 2218 1922; x_wconf 79' lang='lat' dir='ltr'><strong>omnia,</strong></span> <span class='ocrx_word' id='word_1_316' title='bbox 2290 1844 2586 1928; x_wconf 85' lang='lat' dir='ltr'><strong>nihilque</strong></span> <span class='ocrx_word' id='word_1_317' title='bbox 2646 1846 2999 1923; x_wconf 85' lang='lat' dir='ltr'><strong>historiae,</strong></span> <span class='ocrx_word' id='word_1_318' title='bbox 3068 1865 3177 1914; x_wconf 88' lang='lat' dir='ltr'><strong>aut</strong></span> <span class='ocrx_word' id='word_1_319' title='bbox 3236 1854 3450 1916; x_wconf 88' lang='lat' dir='ltr'><strong>numis</strong></span> 
     </span>
     <span class='ocr_line' id='line_1_55' title="bbox 1954 1945 3453 2035; baseline -0.001 -20"><span class='ocrx_word' id='word_1_320' title='bbox 1954 1950 2342 2023; x_wconf 80' lang='lat' dir='ltr'><strong>adversum,</strong></span> <span class='ocrx_word' id='word_1_321' title='bbox 2406 1945 2614 2031; x_wconf 84' lang='lat' dir='ltr'><strong>quod,</strong></span> <span class='ocrx_word' id='word_1_322' title='bbox 2672 1968 2760 2011; x_wconf 87' lang='lat' dir='ltr'><strong>ne</strong></span> <span class='ocrx_word' id='word_1_323' title='bbox 2820 1950 3085 2033; x_wconf 77' lang='lat' dir='ltr'><strong>longior</strong></span> <span class='ocrx_word' id='word_1_324' title='bbox 3147 1953 3265 2015; x_wconf 88' lang='lat' dir='ltr'><strong>sim</strong></span> <span class='ocrx_word' id='word_1_325' title='bbox 3324 1954 3453 2035; x_wconf 89' lang='lat' dir='ltr'><strong>jam</strong></span> 
     </span>
    </p>
   </div>
   <div class='ocr_carea' id='block_1_10' title="bbox 1954 2049 3563 2134">
    <p class='ocr_par' dir='ltr' id='par_1_14' title="bbox 1954 2049 3563 2134">
     <span class='ocr_line' id='line_1_56' title="bbox 1954 2049 3563 2134; baseline 0 -20"><span class='ocrx_word' id='word_1_326' title='bbox 1954 2052 2124 2116; x_wconf 88' lang='lat' dir='ltr'><strong>dicta</strong></span> <span class='ocrx_word' id='word_1_327' title='bbox 2162 2050 2574 2133; x_wconf 85' lang='lat' dir='ltr'><strong>relegendo,</strong></span> <span class='ocrx_word' id='word_1_328' title='bbox 2631 2049 2827 2112; x_wconf 85' lang='lat' dir='ltr'><strong>facile</strong></span> <span class='ocrx_word' id='word_1_329' title='bbox 2881 2051 3165 2134; x_wconf 86' lang='lat' dir='ltr'><strong>patebit,</strong></span> <span class='ocrx_word' id='word_1_330' title='bbox 3212 2055 3454 2117; x_wconf 84' lang='lat' dir='ltr'><strong>descri—</strong></span> <span class='ocrx_word' id='word_1_331' title='bbox 3529 2069 3563 2099; x_wconf 87' lang='lat'><strong>-·</strong></span> 
     </span>
    </p>
   </div>
   <div class='ocr_carea' id='block_1_11' title="bbox 1944 2151 3499 3057">
    <p class='ocr_par' dir='ltr' id='par_1_15' title="bbox 1944 2151 3499 3057">
     <span class='ocr_line' id='line_1_57' title="bbox 1952 2151 3451 2238; baseline 0 -20"><span class='ocrx_word' id='word_1_332' title='bbox 1952 2172 2102 2238; x_wconf 85' lang='lat' dir='ltr'><strong>ptos</strong></span> <span class='ocrx_word' id='word_1_333' title='bbox 2156 2176 2193 2216; x_wconf 86' lang='lat' dir='ltr'><strong>a</strong></span> <span class='ocrx_word' id='word_1_334' title='bbox 2247 2172 2352 2214; x_wconf 90' lang='lat' dir='ltr'><strong>me</strong></span> <span class='ocrx_word' id='word_1_335' title='bbox 2406 2151 2616 2215; x_wconf 86' lang='lat' dir='ltr'><strong>Getae</strong></span> <span class='ocrx_word' id='word_1_336' title='bbox 2669 2153 2935 2216; x_wconf 82' lang='lat' dir='ltr'><strong>annales</strong></span> <span class='ocrx_word' id='word_1_337' title='bbox 3004 2169 3153 2218; x_wconf 81' lang='lat' dir='ltr'><strong>cum</strong></span> <span class='ocrx_word' id='word_1_338' title='bbox 3216 2158 3451 2233; x_wconf 80' lang='lat' dir='ltr'><strong>numia,</strong></span> 
     </span>
     <span class='ocr_line' id='line_1_58' title="bbox 1954 2253 3452 2338; baseline 0.001 -19"><span class='ocrx_word' id='word_1_339' title='bbox 1954 2271 2023 2319; x_wconf 87' lang='lat' dir='ltr'><strong>et</strong></span> <span class='ocrx_word' id='word_1_340' title='bbox 2059 2256 2464 2338; x_wconf 83' lang='lat' dir='ltr'><strong>synchronos</strong></span> <span class='ocrx_word' id='word_1_341' title='bbox 2510 2253 2746 2317; x_wconf 78' lang='lat' dir='ltr'><strong>Severi</strong></span> <span class='ocrx_word' id='word_1_342' title='bbox 2794 2270 2862 2319; x_wconf 82' lang='lat' dir='ltr'><strong>et</strong></span> <span class='ocrx_word' id='word_1_343' title='bbox 2908 2257 3280 2320; x_wconf 78' lang='lat' dir='ltr'><strong>caracallae</strong></span> <span class='ocrx_word' id='word_1_344' title='bbox 3333 2281 3452 2321; x_wconf 87' lang='lat' dir='ltr'><strong>nu·</strong></span> 
     </span>
     <span class='ocr_line' id='line_1_59' title="bbox 1948 2353 3483 2438; baseline -0.001 -16"><span class='ocrx_word' id='word_1_345' title='bbox 1948 2378 2091 2422; x_wconf 82' lang='lat' dir='ltr'><strong>mos</strong></span> <span class='ocrx_word' id='word_1_346' title='bbox 2140 2353 2290 2421; x_wconf 77' lang='lat' dir='ltr'><strong>cuni</strong></span> <span class='ocrx_word' id='word_1_347' title='bbox 2343 2355 2552 2419; x_wconf 87' lang='lat' dir='ltr'><strong>Getae</strong></span> <span class='ocrx_word' id='word_1_348' title='bbox 2595 2371 2857 2419; x_wconf 87' lang='lat' dir='ltr'><strong>moneta</strong></span> <span class='ocrx_word' id='word_1_349' title='bbox 2903 2359 3269 2438; x_wconf 85' lang='lat' dir='ltr'><strong>synchrona</strong></span> <span class='ocrx_word' id='word_1_350' title='bbox 3301 2381 3483 2423; x_wconf 87' lang='lat' dir='ltr'><strong>con-·</strong></span> 
     </span>
     <span class='ocr_line' id='line_1_60' title="bbox 1946 2447 3444 2526; baseline 0.001 -2"><span class='ocrx_word' id='word_1_351' title='bbox 1946 2459 2271 2524; x_wconf 85' lang='lat' dir='ltr'><strong>tendenti.</strong></span> <span class='ocrx_word' id='word_1_352' title='bbox 2342 2447 2582 2522; x_wconf 63' lang='lat' dir='ltr'><strong>facile</strong></span> <span class='ocrx_word' id='word_1_353' title='bbox 2633 2459 2828 2521; x_wconf 86' lang='lat' dir='ltr'><strong>etiam</strong></span> <span class='ocrx_word' id='word_1_354' title='bbox 2877 2458 2946 2519; x_wconf 89' lang='lat' dir='ltr'><strong>in</strong></span> <span class='ocrx_word' id='word_1_355' title='bbox 2977 2461 3098 2523; x_wconf 89' lang='lat' dir='ltr'><strong>hac</strong></span> <span class='ocrx_word' id='word_1_356' title='bbox 3146 2460 3444 2526; x_wconf 86' lang='lat' dir='ltr'><strong>doctrina</strong></span> 
     </span>
     <span class='ocr_line' id='line_1_61' title="bbox 1944 2559 3450 2645; baseline 0.003 -21"><span class='ocrx_word' id='word_1_357' title='bbox 1944 2560 2301 2645; x_wconf 81' lang='lat' dir='ltr'><strong>expeditur</strong></span> <span class='ocrx_word' id='word_1_358' title='bbox 2345 2562 2546 2636; x_wconf 86' lang='lat' dir='ltr'><strong>ratio,</strong></span> <span class='ocrx_word' id='word_1_359' title='bbox 2608 2580 2726 2622; x_wconf 90' lang='lat' dir='ltr'><strong>cur</strong></span> <span class='ocrx_word' id='word_1_360' title='bbox 2764 2559 2875 2623; x_wconf 84' lang='lat' dir='ltr'><strong>vix</strong></span> <span class='ocrx_word' id='word_1_361' title='bbox 2925 2563 3048 2624; x_wconf 90' lang='lat' dir='ltr'><strong>ulli</strong></span> <span class='ocrx_word' id='word_1_362' title='bbox 3084 2561 3290 2627; x_wconf 87' lang='lat' dir='ltr'><strong>Getae</strong></span> <span class='ocrx_word' id='word_1_363' title='bbox 3333 2587 3450 2627; x_wconf 90' lang='lat' dir='ltr'><strong>nu·</strong></span> 
     </span>
     <span class='ocr_line' id='line_1_62' title="bbox 1949 2663 3499 2747; baseline 0.003 -23"><span class='ocrx_word' id='word_1_364' title='bbox 1949 2664 2041 2725; x_wconf 87' lang='lat' dir='ltr'><strong>mi</strong></span> <span class='ocrx_word' id='word_1_365' title='bbox 2104 2682 2254 2726; x_wconf 88' lang='lat' dir='ltr'><strong>cum</strong></span> <span class='ocrx_word' id='word_1_366' title='bbox 2314 2663 2647 2725; x_wconf 80' lang='lat' dir='ltr'><strong>tribunatu</strong></span> <span class='ocrx_word' id='word_1_367' title='bbox 2687 2663 2802 2730; x_wconf 85' lang='lat' dir='ltr'><strong>IV.</strong></span> <span class='ocrx_word' id='word_1_368' title='bbox 2864 2666 3231 2747; x_wconf 79' lang='lat' dir='ltr'><strong>supersint,</strong></span> <span class='ocrx_word' id='word_1_369' title='bbox 3294 2688 3445 2734; x_wconf 82' lang='lat' dir='ltr'><strong>nam</strong></span> <span class='ocrx_word' id='word_1_370' title='bbox 3493 2685 3499 2689; x_wconf 88' lang='lat'>·</span> 
     </span>
     <span class='ocr_line' id='line_1_63' title="bbox 1949 2763 3478 2849; baseline 0.001 -16"><span class='ocrx_word' id='word_1_371' title='bbox 1949 2785 2178 2832; x_wconf 85' lang='lat' dir='ltr'><strong>caesus</strong></span> <span class='ocrx_word' id='word_1_372' title='bbox 2211 2777 2311 2829; x_wconf 85' lang='lat' dir='ltr'><strong>est</strong></span> <span class='ocrx_word' id='word_1_373' title='bbox 2335 2763 2557 2849; x_wconf 85' lang='lat' dir='ltr'><strong>paullo</strong></span> <span class='ocrx_word' id='word_1_374' title='bbox 2589 2778 2739 2848; x_wconf 87' lang='lat' dir='ltr'><strong>post</strong></span> <span class='ocrx_word' id='word_1_375' title='bbox 2772 2763 2946 2829; x_wconf 86' lang='lat' dir='ltr'><strong>hunc</strong></span> <span class='ocrx_word' id='word_1_376' title='bbox 2979 2765 3230 2831; x_wconf 88' lang='lat' dir='ltr'><strong>initum.</strong></span> <span class='ocrx_word' id='word_1_377' title='bbox 3316 2772 3478 2835; x_wconf 48' lang='lat' dir='ltr'><strong>De·-</strong></span> 
     </span>
     <span class='ocr_line' id='line_1_64' title="bbox 1947 2868 3451 2969; baseline 0.005 -39"><span class='ocrx_word' id='word_1_378' title='bbox 1947 2868 2104 2946; x_wconf 86' lang='lat' dir='ltr'><strong>inde</strong></span> <span class='ocrx_word' id='word_1_379' title='bbox 2159 2888 2305 2932; x_wconf 89' lang='lat' dir='ltr'><strong>cum</strong></span> <span class='ocrx_word' id='word_1_380' title='bbox 2352 2868 2681 2932; x_wconf 85' lang='lat' dir='ltr'><strong>Caracalla</strong></span> <span class='ocrx_word' id='word_1_381' title='bbox 2733 2881 2902 2969; x_wconf 73' lang='lat' dir='ltr'><strong>teste</strong></span> <span class='ocrx_word' id='word_1_382' title='bbox 2951 2870 3174 2933; x_wconf 91' lang='lat' dir='ltr'><strong>Dione</strong></span> <span class='ocrx_word' id='word_1_383' title='bbox 3208 2871 3267 2955; x_wconf 56' lang='lat' dir='ltr'><strong>a)</strong></span> <span class='ocrx_word' id='word_1_384' title='bbox 3325 2868 3451 2938; x_wconf 81' lang='lat' dir='ltr'><strong>sta-·</strong></span> 
     </span>
     <span class='ocr_line' id='line_1_65' title="bbox 1946 2968 3449 3057; baseline 0.001 -24"><span class='ocrx_word' id='word_1_385' title='bbox 1946 2974 2065 3037; x_wconf 85' lang='lat' dir='ltr'><strong>tim</strong></span> <span class='ocrx_word' id='word_1_386' title='bbox 2112 2984 2263 3053; x_wconf 85' lang='lat' dir='ltr'><strong>post</strong></span> <span class='ocrx_word' id='word_1_387' title='bbox 2306 2969 2576 3032; x_wconf 85' lang='lat' dir='ltr'><strong>caedem</strong></span> <span class='ocrx_word' id='word_1_388' title='bbox 2619 2968 2828 3037; x_wconf 85' lang='lat' dir='ltr'><strong>Getae</strong></span> <span class='ocrx_word' id='word_1_389' title='bbox 2876 2987 3202 3034; x_wconf 89' lang='lat' dir='ltr'><strong>monetam</strong></span> <span class='ocrx_word' id='word_1_390' title='bbox 3254 2974 3449 3057; x_wconf 86' lang='lat' dir='ltr'><strong>hujus</strong></span> 
     </span>
    </p>
   </div>
   <div class='ocr_carea' id='block_1_12' title="bbox 1947 3172 3516 3462">
    <p class='ocr_par' dir='ltr' id='par_1_16' title="bbox 1947 3172 3516 3462">
     <span class='ocr_line' id='line_1_66' title="bbox 1948 3172 3445 3261; baseline 0.003 -24"><span class='ocrx_word' id='word_1_391' title='bbox 1948 3188 2085 3237; x_wconf 89' lang='lat' dir='ltr'><strong>tum</strong></span> <span class='ocrx_word' id='word_1_392' title='bbox 2114 3186 2266 3247; x_wconf 74' lang='lat' dir='ltr'><strong>est,</strong></span> <span class='ocrx_word' id='word_1_393' title='bbox 2313 3172 2622 3235; x_wconf 83' lang='lat' dir='ltr'><strong>saeviisse</strong></span> <span class='ocrx_word' id='word_1_394' title='bbox 2659 3193 2808 3235; x_wconf 88' lang='lat' dir='ltr'><strong>eum</strong></span> <span class='ocrx_word' id='word_1_395' title='bbox 2855 3174 2925 3235; x_wconf 87' lang='lat' dir='ltr'><strong>in</strong></span> <span class='ocrx_word' id='word_1_396' title='bbox 2969 3174 3188 3252; x_wconf 87' lang='lat' dir='ltr'><strong>illam,</strong></span> <span class='ocrx_word' id='word_1_397' title='bbox 3252 3200 3445 3261; x_wconf 87' lang='lat' dir='ltr'><strong>quam</strong></span> 
     </span>
     <span class='ocr_line' id='line_1_67' title="bbox 1949 3273 3446 3357; baseline 0.004 -21"><span class='ocrx_word' id='word_1_398' title='bbox 1949 3287 2086 3337; x_wconf 92' lang='lat' dir='ltr'><strong>tum</strong></span> <span class='ocrx_word' id='word_1_399' title='bbox 2146 3287 2601 3357; x_wconf 85' lang='lat' dir='ltr'><strong>praeparatam</strong></span> <span class='ocrx_word' id='word_1_400' title='bbox 2666 3273 2734 3333; x_wconf 91' lang='lat' dir='ltr'><strong>in</strong></span> <span class='ocrx_word' id='word_1_401' title='bbox 2795 3273 2991 3336; x_wconf 91' lang='lat' dir='ltr'><strong>domo</strong></span> <span class='ocrx_word' id='word_1_402' title='bbox 3062 3281 3446 3356; x_wconf 86' lang='lat' dir='ltr'><strong>monetaria,</strong></span> 
     </span>
     <span class='ocr_line' id='line_1_68' title="bbox 1947 3373 3516 3462; baseline 0.004 -26"><span class='ocrx_word' id='word_1_403' title='bbox 1947 3387 2016 3436; x_wconf 90' lang='lat' dir='ltr'><strong>et</strong></span> <span class='ocrx_word' id='word_1_404' title='bbox 2071 3373 2407 3438; x_wconf 87' lang='lat' dir='ltr'><strong>tribunatu</strong></span> <span class='ocrx_word' id='word_1_405' title='bbox 2471 3378 2581 3442; x_wconf 86' lang='lat' dir='ltr'><strong>lv.</strong></span> <span class='ocrx_word' id='word_1_406' title='bbox 2645 3388 2928 3438; x_wconf 86' lang='lat' dir='ltr'><strong>notatam</strong></span> <span class='ocrx_word' id='word_1_407' title='bbox 2999 3380 3289 3459; x_wconf 80' lang='lat' dir='ltr'><strong>reperi13</strong></span> <span class='ocrx_word' id='word_1_408' title='bbox 3378 3382 3458 3443; x_wconf 87' lang='lat' dir='ltr'><strong>in·</strong></span> <span class='ocrx_word' id='word_1_409' title='bbox 3503 3452 3516 3462; x_wconf 43' lang='grc'><em>,</em></span> 
     </span>
    </p>
   </div>
   <div class='ocr_carea' id='block_1_13' title="bbox 1948 3476 3548 3559">
    <p class='ocr_par' dir='ltr' id='par_1_17' title="bbox 1948 3476 3548 3559">
     <span class='ocr_line' id='line_1_69' title="bbox 1948 3476 3548 3559; baseline 0.003 -21"><span class='ocrx_word' id='word_1_410' title='bbox 1948 3494 2091 3538; x_wconf 87' lang='lat' dir='ltr'><strong>eam</strong></span> <span class='ocrx_word' id='word_1_411' title='bbox 2130 3476 2306 3538; x_wconf 88' lang='lat' dir='ltr'><strong>enim</strong></span> <span class='ocrx_word' id='word_1_412' title='bbox 2329 3524 2347 3553; x_wconf 89' lang='lat'>‚</span> <span class='ocrx_word' id='word_1_413' title='bbox 2392 3496 2558 3559; x_wconf 87' lang='lat' dir='ltr'><strong>quae</strong></span> <span class='ocrx_word' id='word_1_414' title='bbox 2585 3491 2852 3557; x_wconf 85' lang='lat' dir='ltr'><strong>erogata</strong></span> <span class='ocrx_word' id='word_1_415' title='bbox 2885 3478 3009 3558; x_wconf 88' lang='lat' dir='ltr'><strong>jam</strong></span> <span class='ocrx_word' id='word_1_416' title='bbox 3044 3478 3447 3552; x_wconf 48' lang='lat' dir='ltr'><strong>suithanim-</strong></span> <span class='ocrx_word' id='word_1_417' title='bbox 3536 3490 3548 3501; x_wconf 91' lang='grc'><em>“</em></span> 
     </span>
    </p>
   </div>
   <div class='ocr_carea' id='block_1_14' title="bbox 1947 3575 3536 3981">
    <p class='ocr_par' dir='ltr' id='par_1_18' title="bbox 1947 3575 3536 3981">
     <span class='ocr_line' id='line_1_70' title="bbox 1949 3575 3446 3665; baseline 0.006 -26"><span class='ocrx_word' id='word_1_418' title='bbox 1949 3575 2302 3643; x_wconf 81' lang='lat' dir='ltr'><strong>advertere</strong></span> <span class='ocrx_word' id='word_1_419' title='bbox 2360 3596 2490 3639; x_wconf 89' lang='lat' dir='ltr'><strong>non</strong></span> <span class='ocrx_word' id='word_1_420' title='bbox 2553 3578 2786 3662; x_wconf 86' lang='lat' dir='ltr'><strong>potuit.</strong></span> <span class='ocrx_word' id='word_1_421' title='bbox 2873 3581 3176 3665; x_wconf 76' lang='lat' dir='ltr'><strong>Denique</strong></span> <span class='ocrx_word' id='word_1_422' title='bbox 3243 3599 3446 3655; x_wconf 82' lang='lat' dir='ltr'><strong>matu·</strong></span> 
     </span>
     <span class='ocr_line' id='line_1_71' title="bbox 1947 3666 3444 3765; baseline 0.005 -25"><span class='ocrx_word' id='word_1_423' title='bbox 1947 3677 2083 3741; x_wconf 85' lang='lat' dir='ltr'><strong>rius</strong></span> <span class='ocrx_word' id='word_1_424' title='bbox 2114 3679 2292 3744; x_wconf 80' lang='lat' dir='ltr'><strong>forte</strong></span> <span class='ocrx_word' id='word_1_425' title='bbox 2339 3681 2589 3757; x_wconf 91' lang='lat' dir='ltr'><strong>adhuc,</strong></span> <span class='ocrx_word' id='word_1_426' title='bbox 2645 3700 2836 3763; x_wconf 84' lang='lat' dir='ltr'><strong>quam</strong></span> <span class='ocrx_word' id='word_1_427' title='bbox 2878 3683 3079 3765; x_wconf 74' lang='lat' dir='ltr'><strong>vulgo</strong></span> <span class='ocrx_word' id='word_1_428' title='bbox 3128 3666 3444 3758; x_wconf 81' lang='lat' dir='ltr'><strong>creditur,</strong></span> 
     </span>
     <span class='ocr_line' id='line_1_72' title="bbox 1948 3771 3450 3865; baseline 0.005 -21"><span class='ocrx_word' id='word_1_429' title='bbox 1948 3800 2177 3846; x_wconf 88' lang='lat' dir='ltr'><strong>caesus</strong></span> <span class='ocrx_word' id='word_1_430' title='bbox 2218 3800 2322 3849; x_wconf 83' lang='lat' dir='ltr'><strong>est</strong></span> <span class='ocrx_word' id='word_1_431' title='bbox 2358 3784 2563 3865; x_wconf 84' lang='lat' dir='ltr'><strong>Geta3</strong></span> <span class='ocrx_word' id='word_1_432' title='bbox 2608 3805 2755 3846; x_wconf 89' lang='lat' dir='ltr'><strong>nam</strong></span> <span class='ocrx_word' id='word_1_433' title='bbox 2796 3782 3037 3846; x_wconf 85' lang='lat' dir='ltr'><strong>factum</strong></span> <span class='ocrx_word' id='word_1_434' title='bbox 3077 3771 3450 3851; x_wconf 41' lang='lat' dir='ltr'><strong>istud&#39;fuis-</strong></span> 
     </span>
     <span class='ocr_line' id='line_1_73' title="bbox 1947 3883 3536 3981; baseline 0.001 -35"><span class='ocrx_word' id='word_1_435' title='bbox 1947 3904 2020 3947; x_wconf 86' lang='lat' dir='ltr'><strong>se</strong></span> <span class='ocrx_word' id='word_1_436' title='bbox 2080 3885 2830 3981; x_wconf 34' lang='lat' dir='ltr'><strong>exeuntelFebruario,</strong></span> <span class='ocrx_word' id='word_1_437' title='bbox 2884 3883 3200 3950; x_wconf 86' lang='lat' dir='ltr'><strong>disertum</strong></span> <span class='ocrx_word' id='word_1_438' title='bbox 3264 3903 3446 3954; x_wconf 79' lang='lat' dir='ltr'><strong>vete·-</strong></span> <span class='ocrx_word' id='word_1_439' title='bbox 3517 3930 3536 3947; x_wconf 81' lang='lat'><strong>.</strong></span> 
     </span>
    </p>
   </div>
   <div class='ocr_carea' id='block_1_15' title="bbox 1945 3987 3552 4065">
    <p class='ocr_par' dir='ltr' id='par_1_19' title="bbox 1945 3987 3552 4065">
     <span class='ocr_line' id='line_1_74' title="bbox 1945 3987 3552 4065; baseline 0.004 -16"><span class='ocrx_word' id='word_1_440' title='bbox 1945 4008 2092 4049; x_wconf 90' lang='lat' dir='ltr'><strong>rum</strong></span> <span class='ocrx_word' id='word_1_441' title='bbox 2136 3989 2584 4053; x_wconf 78' lang='lat' dir='ltr'><strong>testimonium</strong></span> <span class='ocrx_word' id='word_1_442' title='bbox 2627 4008 2759 4050; x_wconf 87' lang='lat' dir='ltr'><strong>non</strong></span> <span class='ocrx_word' id='word_1_443' title='bbox 2804 3987 3153 4065; x_wconf 86' lang='lat' dir='ltr'><strong>habemus,</strong></span> <span class='ocrx_word' id='word_1_444' title='bbox 3198 4007 3268 4055; x_wconf 87' lang='lat' dir='ltr'><strong>nt</strong></span> <span class='ocrx_word' id='word_1_445' title='bbox 3308 3991 3456 4055; x_wconf 78' lang='lat' dir='ltr'><strong>dixi</strong></span> <span class='ocrx_word' id='word_1_446' title='bbox 3547 4024 3552 4031; x_wconf 82' lang='grc'>·</span> 
     </span>
    </p>
   </div>
   <div class='ocr_carea' id='block_1_16' title="bbox 1945 4089 3459 4273">
    <p class='ocr_par' dir='ltr' id='par_1_20' title="bbox 1945 4089 3459 4273">
     <span class='ocr_line' id='line_1_75' title="bbox 1946 4089 3442 4177; baseline 0.004 -27"><span class='ocrx_word' id='word_1_447' title='bbox 1946 4089 2013 4167; x_wconf 76' lang='lat' dir='ltr'><strong>in</strong></span> <span class='ocrx_word' id='word_1_448' title='bbox 2054 4092 2395 4156; x_wconf 86' lang='lat' dir='ltr'><strong>annalibus</strong></span> <span class='ocrx_word' id='word_1_449' title='bbox 2445 4093 2527 4157; x_wconf 83' lang='lat' dir='ltr'><strong>ad</strong></span> <span class='ocrx_word' id='word_1_450' title='bbox 2576 4112 2811 4156; x_wconf 85' lang='lat' dir='ltr'><strong>annum</strong></span> <span class='ocrx_word' id='word_1_451' title='bbox 2864 4094 2944 4158; x_wconf 89' lang='lat' dir='ltr'><strong>V.</strong></span> <span class='ocrx_word' id='word_1_452' title='bbox 3002 4092 3072 4152; x_wconf 92' lang='lat' dir='ltr'><strong>C.</strong></span> <span class='ocrx_word' id='word_1_453' title='bbox 3134 4094 3280 4177; x_wconf 76' lang='lat'><strong>965.</strong></span> <span class='ocrx_word' id='word_1_454' title='bbox 3337 4096 3442 4161; x_wconf 75' lang='lat' dir='ltr'><strong>,td</strong></span> 
     </span>
     <span class='ocr_line' id='line_1_76' title="bbox 1945 4187 3459 4273; baseline 0.003 -18"><span class='ocrx_word' id='word_1_455' title='bbox 1945 4192 2159 4257; x_wconf 88' lang='lat' dir='ltr'><strong>solum</strong></span> <span class='ocrx_word' id='word_1_456' title='bbox 2205 4209 2458 4260; x_wconf 84' lang='lat' dir='ltr'><strong>constat</strong></span> <span class='ocrx_word' id='word_1_457' title='bbox 2512 4213 2595 4258; x_wconf 90' lang='lat' dir='ltr'><strong>ex</strong></span> <span class='ocrx_word' id='word_1_458' title='bbox 2634 4190 2850 4255; x_wconf 84' lang='lat' dir='ltr'><strong>Dione</strong></span> <span class='ocrx_word' id='word_1_459' title='bbox 2883 4187 2948 4273; x_wconf 85' lang='lat' dir='ltr'><strong>b)</strong></span> <span class='ocrx_word' id='word_1_460' title='bbox 2976 4236 2991 4266; x_wconf 90' lang='lat'><strong>,</strong></span> <span class='ocrx_word' id='word_1_461' title='bbox 3050 4215 3196 4256; x_wconf 89' lang='lat' dir='ltr'><strong>eum</strong></span> <span class='ocrx_word' id='word_1_462' title='bbox 3232 4198 3459 4259; x_wconf 42' lang='lat' dir='ltr'><strong>adhuc*</strong></span> 
     </span>
    </p>
   </div>
   <div class='ocr_carea' id='block_1_17' title="bbox 1896 4294 3446 4381">
    <p class='ocr_par' dir='ltr' id='par_1_21' title="bbox 1896 4294 3446 4381">
     <span class='ocr_line' id='line_1_77' title="bbox 1896 4294 3446 4381; baseline 0.001 -23"><span class='ocrx_word' id='word_1_463' title='bbox 1896 4350 1915 4369; x_wconf 33' lang='grc' dir='ltr'><strong>χ</strong></span> <span class='ocrx_word' id='word_1_464' title='bbox 1944 4294 2151 4360; x_wconf 87' lang='lat' dir='ltr'><strong>fuisse</strong></span> <span class='ocrx_word' id='word_1_465' title='bbox 2186 4298 2605 4381; x_wconf 83' lang='lat' dir='ltr'><strong>superstitem</strong></span> <span class='ocrx_word' id='word_1_466' title='bbox 2644 4313 2868 4357; x_wconf 86' lang='lat' dir='ltr'><strong>mense</strong></span> <span class='ocrx_word' id='word_1_467' title='bbox 2906 4296 3267 4359; x_wconf 85' lang='lat' dir='ltr'><strong>Decembri</strong></span> <span class='ocrx_word' id='word_1_468' title='bbox 3294 4297 3446 4360; x_wconf 87' lang='lat' dir='ltr'><strong>anni</strong></span> 
     </span>
    </p>
   </div>
   <div class='ocr_carea' id='block_1_18' title="bbox 1944 4395 3442 4487">
    <p class='ocr_par' dir='ltr' id='par_1_22' title="bbox 1944 4395 3442 4487">
     <span class='ocr_line' id='line_1_78' title="bbox 1944 4395 3442 4487; baseline 0.001 -26"><span class='ocrx_word' id='word_1_469' title='bbox 1944 4398 2406 4484; x_wconf 85' lang='lat' dir='ltr'><strong>praecedentis</strong></span> <span class='ocrx_word' id='word_1_470' title='bbox 2470 4397 2638 4477; x_wconf 62' lang='lat'><strong>«2643</strong></span> <span class='ocrx_word' id='word_1_471' title='bbox 2724 4417 2871 4458; x_wconf 84' lang='lat' dir='ltr'><strong>nam</strong></span> <span class='ocrx_word' id='word_1_472' title='bbox 2917 4395 3037 4487; x_wconf 52' lang='lat' dir='ltr'><strong>xilli</strong></span> <span class='ocrx_word' id='word_1_473' title='bbox 3110 4400 3442 4463; x_wconf 81' lang='lat' dir='ltr'><strong>Caracalla</strong></span> 
     </span>
    </p>
   </div>
   <div class='ocr_carea' id='block_1_19' title="bbox 364 4554 3208 4667">
    <p class='ocr_par' dir='ltr' id='par_1_23' title="bbox 364 4554 3208 4667">
     <span class='ocr_line' id='line_1_79' title="bbox 364 4554 373 4561; baseline 0 0"><span class='ocrx_word' id='word_1_474' title='bbox 364 4554 373 4561; x_wconf 68' lang='lat'><em>-</em></span> 
     </span>
     <span class='ocr_line' id='line_1_80' title="bbox 1195 4647 3208 4667; baseline -0.001 0"><span class='ocrx_word' id='word_1_475' title='bbox 1195 4657 1210 4667; x_wconf 68' lang='lat' dir='ltr'><em>O</em></span> <span class='ocrx_word' id='word_1_476' title='bbox 2319 4647 2324 4655; x_wconf 59' lang='grc'>1</span> <span class='ocrx_word' id='word_1_477' title='bbox 3197 4657 3208 4665; x_wconf 64' lang='grc' dir='ltr'><strong>θ</strong></span> 
     </span>
    </p>
   </div>
   <div class='ocr_carea' id='block_1_20' title="bbox 405 4704 1135 4787">
    <p class='ocr_par' dir='ltr' id='par_1_24' title="bbox 405 4704 1135 4787">
     <span class='ocr_line' id='line_1_81' title="bbox 405 4704 1135 4787; baseline 0.001 -15"><span class='ocrx_word' id='word_1_478' title='bbox 405 4714 471 4787; x_wconf 67' lang='lat' dir='ltr'><strong>a)</strong></span> <span class='ocrx_word' id='word_1_479' title='bbox 510 4711 575 4773; x_wconf 80' lang='lat'><strong>1..</strong></span> <span class='ocrx_word' id='word_1_480' title='bbox 617 4704 910 4771; x_wconf 71' lang='lat' dir='ltr'><strong>txxvn.</strong></span> <span class='ocrx_word' id='word_1_481' title='bbox 952 4717 998 4786; x_wconf 71' lang='lat'><strong>§—</strong></span> <span class='ocrx_word' id='word_1_482' title='bbox 1052 4718 1135 4775; x_wconf 65' lang='grc' dir='ltr'><strong>η.</strong></span> 
     </span>
    </p>
   </div>
   <div class='ocr_carea' id='block_1_21' title="bbox 1283 4713 1973 4790">
    <p class='ocr_par' dir='ltr' id='par_1_25' title="bbox 1283 4713 1973 4790">
     <span class='ocr_line' id='line_1_82' title="bbox 1283 4713 1973 4790; baseline 0.003 -19"><span class='ocrx_word' id='word_1_483' title='bbox 1283 4713 1353 4788; x_wconf 76' lang='lat' dir='ltr'><strong>b)</strong></span> <span class='ocrx_word' id='word_1_484' title='bbox 1392 4714 1454 4774; x_wconf 80' lang='grc' dir='ltr'><strong>Β.</strong></span> <span class='ocrx_word' id='word_1_485' title='bbox 1496 4716 1787 4781; x_wconf 77' lang='lat' dir='ltr'><strong>LXXVII.</strong></span> <span class='ocrx_word' id='word_1_486' title='bbox 1831 4719 1880 4790; x_wconf 64' lang='grc' dir='ltr'><strong>ς.</strong></span> <span class='ocrx_word' id='word_1_487' title='bbox 1924 4729 1973 4778; x_wconf 81' lang='lat'><strong>2.</strong></span> 
     </span>
    </p>
   </div>
   <div class='ocr_carea' id='block_1_22' title="bbox 2730 4760 3128 4872">
    <p class='ocr_par' dir='ltr' id='par_1_26' title="bbox 2730 4760 3128 4872">
     <span class='ocr_line' id='line_1_83' title="bbox 2730 4760 3128 4872; baseline -0.02 1"><span class='ocrx_word' id='word_1_488' title='bbox 2730 4776 3051 4872; x_wconf 58' lang='grc' dir='ltr'><strong>ι1111113.</strong></span> <span class='ocrx_word' id='word_1_489' title='bbox 3122 4760 3128 4765; x_wconf 90' lang='lat'><strong>·</strong></span> 
     </span>
    </p>
   </div>
  </div>
 </body>
</html>
