4388 5576
985 460 1086 546 26
1163 426 1173 436 ’
1950 440 2740 523 MAx1M1Ast
2816 442 3154 521 HERC.

977 643 1049 709 C.
1259 635 1444 703 IMP.
1500 634 1573 700 C.
1635 632 2227 702 MAXIMIANVS.
2276 634 2354 696 P.
2410 629 2490 700 F.

1140 744 1179 809 ’,
1258 737 1467 806 AVG.
1517 741 1721 818 Caput
1747 739 2129 800 laureatum.
2246 783 2251 788 ·
2329 776 2336 781 ·

979 843 1423 911 CONSERV.
1499 844 1607 903 vel
1683 837 2488 921 CONSERVATORES.

970 948 1176 1018 VRB.
1216 945 1466 1013 SVAE.
1511 945 1813 1022 templum
1867 961 1987 1002 seat
2020 945 2484 1022 columnarum,

968 1051 1044 1111 in
1079 1070 1204 1133 quo
1252 1050 1458 1110 Roma
1503 1045 1777 1124 quleata
1830 1046 2059 1105 sedens
2104 1048 2169 1105 d.
2202 1048 2481 1127 globum,

968 1173 1021 1213 s.
1048 1154 1325 1233 hastam.
1366 1146 1505 1209 ΑΕ.
1544 1146 1625 1206 11.

1097 1249 1327 1316 Facile
1348 1243 1777 1329 expediemus
1796 1289 1814 1321 ,
1859 1264 1981 1310 cur
2011 1265 2281 1308 numum
2303 1247 2479 1314 hunc

966 1356 1041 1417 in
1082 1363 1504 1440 praesentem
1556 1347 1835 1411 classem
1870 1346 2304 1433 recipiamus,
2352 1348 2480 1413 etsi
2531 1394 2534 1397 ¹

968 1458 1270 1522 Senioris
1346 1448 1640 1533 elogium
1703 1447 1889 1512 absit.
1995 1450 2147 1512 Non
2210 1458 2477 1534 semper

921 1533 1165 1625 'iuna
1192 1555 1259 1616 in
1293 1551 1397 1614 his
1448 1549 1661 1612 numi,
1693 1551 1896 1614 fuisse
1936 1550 2339 1631 adhibitum,
2384 1573 2483 1618 se.

975 1679 1187 1744 quens
1216 1674 1449 1718 numus
1486 1652 1729 1719 invicte
1778 1653 2076 1731 docebit,
2138 1656 2253 1739 qui
2295 1670 2481 1720 certe

973 1760 1105 1823 huc
1136 1759 1453 1845 pertinet.
1497 1758 1666 1819 Esse
1701 1776 1868 1821 vero
1901 1755 2094 1838 hujus
2112 1755 2245 1820 loci
2267 1802 2284 1835 ,
2330 1779 2486 1840 pro·

966 1861 1166 1926 hatur
1223 1880 1348 1938 co,
1412 1858 1590 1942 quod
1646 1860 1829 1920 numi
1888 1857 2327 1943 sicinscripti
2372 1861 2482 1927 ha-

872 1954 885 1977 ’
966 1964 1249 2028 beantur
1303 1975 1549 2025 tantum
1623 1980 1770 2023 cum
1830 1959 2043 2044 capite
2099 1960 2479 2024 Maximiani

952 2047 1221 2144 nostri,
1285 2065 1636 2140 Maxentii,
1700 2074 1796 2151 ,et
1852 2056 2298 2142 Constantini,
2351 2065 2479 2150 'qui

967 2167 1162 2231 fuere
1198 2168 1478 2250 Augusti
1511 2164 1902 2251 synchroni,
1949 2165 2169 2226 nullus
2203 2186 2351 2228 cum
2381 2187 2487 2230 ca·

972 2270 1112 2355 pite
1161 2267 1581 2354 Diocletiani.
1669 2273 1758 2333 Et
1794 2268 2032 2330 mirum
2083 2288 2239 2331 sane
2279 2268 2513 2346 foret,.

976 2390 1125 2432 cum
1161 2369 1339 2434 obvii
1375 2372 1506 2435 sint
1553 2375 1621 2434 in
1655 2371 2088 2448 Maximiano,
2134 2370 2190 2432 si
2223 2371 2291 2433 in
2328 2388 2485 2436 con-

975 2470 1158 2555 legio
1199 2473 1600 2540 Diocletiani
1640 2475 1879 2559 signati
1925 2486 2181 2550 essent,
2227 2474 2482 2536 nullum

975 2581 1237 2638 exstare
1294 2597 1445 2640 cum
1497 2577 1691 2660 hujus
1738 2577 1991 2658 capite,
2038 2577 2297 2661 quando
2334 2597 2489 2641 con·

979 2690 1142 2755 stat,
1188 2678 1336 2742 fere
1363 2700 1743 2744 communes
1771 2681 2034 2764 utrique
2065 2679 2271 2742 fuisse
2302 2701 2488 2745 aver-

977 2802 1100 2844 sas.
1193 2778 1375 2874 Quos
1426 2782 1677 2847 similes
1713 2780 2085 2846 Bandurius
2131 2803 2283 2846 cum
2328 2783 2489 2847 alio-

972 2904 1150 2956 rum,
1196 2885 1674 2968 imperatorum
1772 2884 2092 2974 capitibus
2182 2886 2487 2964 contulit,
2565 2898 2665 2949 -te

980 2984 1288 3070 quoniam
1378 3008 1462 3051 ex
1550 3008 1681 3052 uno
1766 2987 2204 3052 Mediobarbo
2315 2989 2488 3072 capti

874 3129 879 3134 -
979 3103 1165 3166 sunt,
1209 3088 1650 3180 negligendos
1696 3103 1879 3174 puto.
1918 3129 1923 3134 ·
1982 3092 2307 3156 Nimirum
2356 3096 2522 3157 Ro·-

975 3210 1150 3253 mam
1197 3191 1491 3264 cruentis,
1522 3192 1842 3254 Maxentii
1889 3208 1957 3258 et
1993 3194 2229 3261 Severi
2261 3195 2487 3258 factio·

975 3292 1171 3356 nibus
1209 3292 1524 3358 atrociter
1566 3307 1863 3358 vexatam
1895 3296 2110 3361 redux
2157 3317 2242 3359 ex
2277 3297 2486 3360 Luca·

974 3396 1085 3459 nia
1148 3408 1218 3460 et
1274 3411 1547 3481 recepta
1576 3418 1898 3485 ‘purpura
1967 3398 2294 3466 recreavit
2323 3402 2529 3486 ,Ma-n

977 3497 1335 3576 ximianus,
1387 3514 1494 3579 et,
1556 3514 1627 3563 ut
1675 3500 1853 3583 ajunt
1887 3502 2115 3581 numi,
2146 3524 2484 3568 conserva-

977 3606 1107 3678 vit,
1173 3602 1352 3687 quod
1412 3604 1795 3686 praestitum
1875 3606 2023 3671 urbi
2080 3592 2481 3669 beneficium

978 3705 1262 3772 oratoris
1311 3724 1497 3768 more
1541 3707 1898 3790 plurimum
1945 3708 2209 3772 extollit
2250 3721 2481 3771 auctor

980 3805 1277 3869 incertus
1326 3807 1708 3891 panegyrici
1748 3810 2144 3886 Maximiano
2194 3822 2264 3871 et
2315 3811 2483 3874 Con-

980 3909 1266 3970 stantino
1312 3907 1506 3971 dicati
1563 3909 1775 4012 capite
1820 3914 2024 3975 Xaet
2067 3915 2216 3988 XL,
2261 3912 2332 3973 in
2375 3930 2487 3974 cu-

976 4010 1085 4094 jus
1136 4008 1412 4098 honoris
1460 4011 1990 4082 communionem
2035 4013 2300 4078 admissi
2343 4013 2484 4076 fue

976 4132 1058 4176 re
1123 4111 1320 4176 etiam
1395 4115 1802 4202 Maxentius,
1894 4131 1963 4181 et
2024 4116 2482 4185 Constantinus

980 4226 1120 4278 tum
1182 4213 1250 4275 ῖιι
1311 4215 1602 4301 speciem
1661 4218 2064 4299 concordes,
2126 4234 2198 4285 ut
2242 4218 2486 4286 docent

979 4336 1182 4384 numl-

1716 4424 1754 4459 ῃ

1548 4469 1588 4508 ἢ·
1883 4471 1923 4509 ἃ

2607 627 2697 694 D.
2809 670 2814 671 ν
2900 631 3375 706 MAXEN'I'IV
3376 634 3449 700 S
3496 638 3573 701 P.
3612 636 3690 701 F.
3745 637 3946 710 AVG.
3994 645 4117 707 Ca·

2621 780 2627 787 .
2882 745 3009 815 put
3039 730 3421 801 laureatum

2581 831 3676 909 FEer.1NGRESSVs.SEN.
3713 840 3915 912 AVG·
3983 850 4114 921 lto-

2604 956 2715 998 ωα
2741 941 3014 1016 galeata
3050 944 3269 1022 clypeo
3306 945 3594 1006 insidens
3619 966 3674 1007 s.
3706 947 3962 1014 hastam
3977 992 3995 1024 ,
4038 954 4106 1012 d.

2602 1040 2893 1119 clypeum
2910 1083 2931 1114 ,
2988 1046 3098 1103 cuc·
3159 1047 3569 1124 inscriptum:
3626 1043 3757 1113 VO
3765 1050 3842 1113 T.
3891 1048 4100 1111 XXX.

2601 1143 2785 1220 infra
2811 1140 2949 1201 PR.
3035 1144 3158 1204 Est
3190 1142 3338 1211 AV.
3380 1146 3580 1226 (Mus.
3615 1146 3866 1231 Caes.)
3941 1206 3950 1217 ,

2617 1298 2622 1308 .
2733 1243 3018 1305 Numum
3061 1245 3236 1308 hunc
3298 1247 3542 1309 muscis
3604 1246 3748 1310 aliis
3803 1248 4106 1332 ignotum

2601 1343 2843 1426 merito
2906 1340 3174 1408 summis
3239 1347 3555 1413 encomiis
3620 1348 3843 1414 adficit
3881 1351 4107 1433 ,libel-

2598 1447 2728 1516 lius
2784 1450 2868 1529 ⁸).
2973 1449 3375 1533 Comprobat
3461 1449 3675 1528 enim,
3769 1454 4106 1535 Maximia-

2602 1569 2758 1631 num
2804 1565 3057 1635 sumpta
3099 1554 3341 1616 iterum
3385 1547 3679 1639 pin-pura
3727 1545 4105 1640 ingressum

2602 1655 2902 1715 Romam.
3005 1654 3222 1739 Minus
3274 1676 3441 1720 vero
3496 1675 3737 1742 aeque,
3794 1660 4106 1743 utovide·

2604 1766 2747 1833 tur,
2793 1755 2970 1820 idem
3004 1758 3108 1821 vir
3140 1757 3436 1821 eruditus
3475 1779 3558 1820 ex
3581 1760 3927 1844 ⁴inscriptis
3950 1762 4109 1831 VO·

2604 1857 2720 1923 Tis
2758 1862 2965 1923 XXX.
3017 1858 3320 1943 colligit,
3381 1859 3645 1924 definiri
3703 1862 3805 1945 liis
3864 1886 4107 1927 annum

2599 1960 2802 2039 V.‚C.
2859 1965 3060 2046 1059,
3122 1983 3292 2045 quc,
3364 1984 3583 2047 neque
3653 1979 3881 2047 antea,
3946 1967 4109 2030 inci-

2593 2078 2760 2144 pere
2819 2077 3128 2148 poterant
3192 2077 3344 2129 vota
3407 2065 3812 2132 tricennalia.
3897 2067 4115 2130 Maxi·

2601 2164 2853 2230 mianus
2893 2181 3242 2251 antequam¹
3287 2167 3659 2249 abdicaret,
3705 2189 3943 2254 annum
3983 2168 4109 2232 im·

2599 2269 2772 2350 perii
2814 2270 2958 2349 XX.
3023 2271 3152 2353 jam
3216 2271 3429 2355 attigit
3490 2271 3974 2356 comprehenso
4023 2260 4112 2334 si-

2600 2370 2736 2433 mul
2783 2376 3085 2458 tempore
3140 2373 3298 2450 illo,
3362 2395 3491 2458 quo
3552 2375 3792 2438 Caesar
3851 2387 4105 2437 tantum

2597 2472 2759 2552 fuit3
2823 2497 2971 2539 nam
3037 2475 3286 2540 diserte
3352 2490 3582 2540 auctor
3641 2475 3938 2562 laudatus
3993 2500 4114 2563 pa-

2598 2576 2899 2660 negyrici
2954 2597 3108 2640 eum
3165 2592 3586 2663 praesentem
3649 2580 3744 2643 sic
3804 2579 4108 2661 adloqui·
4209 2628 4214 2633 ,

2598 2695 2708 2743 tur
2739 2678 2845 2763 ἰῆς
2891 2692 2955 2743 te
2989 2701 3210 2743 rursus
3235 2685 3537 2745 vicesimo
3567 2704 3739 2765 anno
3765 2686 4110 2762 Imperato-

2599 2804 2733 2847 rem
2752 2830 2769 2860 ‚
2809 2787 3396 2866 octavoromulem
3423 2796 3557 2869 etc.¹
3589 2798 3658 2848 et
3690 2781 3861 2846 infra
3892 2783 3991 2865 0):
4041 2796 4112 2848 et

2712 2889 2851 2949 illis
2899 2888 3189 2967 viqili‘is,
3252 2891 3514 2972 illisque
3546 2892 3756 2964 curis,
3800 2911 3964 2973 quas
4008 2892 4111 2950 vi·
4178 2889 4192 2913 '

2593 2992 2769 3071 ,qimi
2818 2990 3010 3050 annis
3057 3000 3357 3068 expertus
3400 2993 3633 3070 fueras
3652 3034 3670 3068 ,
3732 2994 4100 3054 reddidisti.

2598 3096 2684 3154 At
2716 3101 2970 3152 constat
3000 3107 3084 3150 ex
3102 3101 3198 3151 tot
3225 3089 3366 3152 aliis
3392 3093 3605 3180 numis
3625 3136 3642 3168 ,
3688 3092 3955 3155 ineunte
3989 3113 4109 3154 an-

2597 3213 2687 3258 no
2728 3192 2809 3256 X.
2846 3191 2975 3274 jam
3015 3189 3219 3253 fuisse
3262 3207 3579 3280 concepta
3626 3207 3778 3258 vota
3803 3194 3986 3269 XX„
4035 3204 4113 3256 et

2601 3296 2872 3362 ineunte
2901 3294 3046 3358 XX.
3102 3303 3426 3378 concepta
3456 3310 3608 3362 vota
3635 3297 3841 3359 XXX.
3912 3278 4104 3378 Ergo

2602 3393 2764 3488 cum
2812 3395 3191 3459 Maximiani
3245 3409 3394 3491 vota
3456 3397 3662 3461 XXX.
3720 3399 3850 3483 jam
3895 3397 4110 3462 inive-

2596 3484 2763 3576 rint,
2811 3511 3159 3585 antequam
3188 3486 3542 3585 imperium
3578 3502 3941 3584 posuisset,
3987 3519 4106 3562 nc-

2597 3624 2915 3688 quaquam
2981 3600 3134 3664 inde
3199 3602 3348 3665 erui
3391 3616 3609 3686 potest
3652 3625 3893 3680 annus,
3964 3623 4101 3688 quo

2596 3724 2956 3789 purpuram
2986 3704 3279 3790 repetiit.

3170 3854 3208 3891 ὓ
3332 3807 3371 3845 ᾳ
3501 3857 3538 3892 k

2593 3858 2974 4084 VIRTng
2994 3914 3404 4081 ItldlLITVM.
3484 4015 3712 4076 Castra
3740 4014 4099 4138 ρναοωνὶα.

2596 4118 2733 4180 AR.
2780 4117 2978 4198 (Mus.
3017 4114 3238 4195 Caes.)

2997 4213 3204 4279 Davus
3232 4219 3702 4280 Maximianus.

2719 4325 2777 4387 A
2795 4319 3131 4384 Maxentio
3149 4315 3290 4379 filio
3311 4315 3514 4380 fuisse
3537 4334 3852 4402 superum
3884 4315 4099 4380 choro

2593 4427 2864 4489 inlatum
2887 4468 2906 4502 ,
2949 4419 3132 4484 numi
3156 4418 3285 4503 ipsi
3316 4422 3469 4484 satis
3502 4420 3765 4486 docent.

994 4606 4098 4640 ——1————-—n—————-p————————-———————-———

1050 4742 1115 4814 a)
1159 4739 1469 4819 Subpletn.
1508 4741 1590 4801 ud
1624 4740 1808 4805 Vaiu.
1851 4763 1911 4822 p.
1948 4693 2080 4806 220.

2233 4743 2302 4816 b)
2344 4746 2493 4824 Cap.
2534 4741 2693 4806 VIII.

2844 4741 2902 4817 c)
2944 4742 3088 4819 Cap.
3131 4739 3233 4798 XI.
