4388 5576
1794 190 1933 239 *θ’
2501 208 2536 233 s

1274 430 2072 561 MAXIMIANYS
2154 431 2493 509 HERC.
3343 450 3439 517 21

383 617 596 702 quiden
627 627 722 678 est
750 613 1205 691 Domitianus,
1252 628 1322 680 ut
1353 627 1633 683 testatur
1664 615 1827 681 Sue-
1942 614 2268 699 Philippis
2332 626 2511 679 actos
2572 613 2775 679 fuisse
2834 617 3248 698 saeculares,
3302 639 3450 687 cer·

382 720 550 782 tonius
577 721 667 799 9),
724 731 984 794 tamen,
1047 717 1274 782 nescio
1330 738 1486 794 cur,
1547 719 1671 784 hos
1722 717 1826 792 lu·
1910 729 2080 783 'tum
2118 716 2395 782 estcum
2436 738 2520 780 ex
2553 735 2783 793 eorum
2822 717 3035 781 numis
3069 721 3320 798 obviis,
3377 721 3449 786 in

381 819 473 885 dos
512 820 858 885 celebravit
908 820 992 891 V.
1047 819 1118 882 C.
1168 820 1315 896 841.
1402 820 1614 904 Magis
1666 819 1828 885 reli·
1936 821 2176 904 quibus
2207 820 2484 905 legitur:
2526 819 3443 908 SAECVLARES.AYGG.‚

366 923 525 1009 giose
556 926 850 1007 Augusto
883 922 1535 998 adba'esitseverus,
1579 943 1728 987 cum
1768 922 1824 986 is
1938 936 2079 987 tum
2126 906 2635 987 ex·testimouio
2672 920 3072 989 cassiodorii
3103 939 3172 991 et
3207 926 3446 990 Hiero-

360 1040 508 1095 teste
542 1024 940 1101 Censorino,
984 1024 1254 1088 Zosimo
1285 1038 1354 1087 et
1389 1024 1602 1088 numis
1634 1026 1828 1089 ludos
1942 1026 2124 1110 nymi
2162 1024 2590 1087 referentium
2614 1069 2632 1100 ,
2679 1023 2869 1085 ludos
2912 1025 3272 1092 theatrales
3309 1041 3446 1091 tum

357 1129 465 1195 hos
512 1125 864 1193 celebravit
917 1127 1000 1197 V.
1048 1127 1123 1190 C.
1175 1130 1337 1212 957,
1392 1122 1644 1210 nempe
1679 1141 1831 1209 post
1938 1128 2012 1213 in
2046 1129 2292 1211 Campo
2326 1126 2566 1188 Martio
2600 1125 3206 1192 fuisse'celebratos
3236 1130 3446 1194 tribus

358 1229 721 1313 biselapsos
768 1251 972 1310 anuos
1015 1229 1153 1294 CX.
1242 1229 1622 1295 Secundum
1659 1231 1827 1297 hanc
1934 1229 2179 1305 ·‹7'.iebus
2214 1228 2651 1294 .ac-.noetibus
2698 1228 2948 1312 popul-o
2984 1232 3446 1314 pervigilante,

363 1332 557 1415 legem
608 1332 838 1417 iterari
890 1352 1008 1394 eos
1062 1333 1395 1415 oportuit,
1459 1344 1532 1395 ut
1579 1331 1825 1397 diserte
1944 1354 2076 1417 quo
2136 1333 2483 1409 docemur,
2552 1344 2689 1393 aeta
2737 1342 2873 1393 tum
2926 1352 3005 1395 ea
3055 1351 3238 1408 esse,
3281 1350 3448 1414 quae

366 1434 537 1496 tradit
602 1434 943 1512 Zosimus,
1014 1446 1164 1516 post
1235 1435 1640 1497 consulatum
1714 1437 1823 1497 111.
1940 1433 2121 1497 ludis
2149 1432 2592 1498 saecularibus
2620 1432 2875 1516 agenda
2902 1434 3296 1514 praescribi-t
3319 1436 3451 1499 Zo-

367 1538 733 1602 Constantini
790 1539 887 1602 Μ.
938 1550 1007 1600 et.
1050 1535 1325 1611 Ltcinii,
1387 1536 1499 1620 qui
1546 1536 1672 1599 fuit
1721 1558 1830 1600 an·
1946 1538 2168 1601 simus.
2230 1537 2430 1618 Atqui
2470 1555 2641 1617 anno
2694 1555 2956 1619 quoque
2996 1535 3176 1597 urbis
3229 1534 3453 1599 condi-

370 1658 470 1701 nus
500 1639 572 1705 V.
607 1640 674 1701 C.
715 1639 913 1714 nobb,
957 1639 1266 1701 nimirum
1305 1651 1408 1701 ter
1440 1638 1680 1721 elapsis
1718 1662 1829 1704 an·
1945 1652 2049 1703 tae
2086 1636 2412 1703 saeculari
2447 1657 2668 1702 sacros
2705 1637 2906 1699 fuisse
2949 1635 3137 1700 ludos
3166 1637 3448 1713 debitos,

372 1740 455 1801 nis
484 1741 632 1819 CX„
677 1739 797 1804 sed
830 1736 1142 1822 neglecto
1187 1742 1315 1819 lton
1359 1753 1705 1845 tempore,
1737 1755 1829 1805 at-
1942 1761 2030 1804 ex
2064 1739 2361 1823 ejusdem
2398 1738 2688 1804 Victoris
2719 1738 2936 1802 verbis
2971 1740 3279 1827 colligas,
3317 1740 3450 1809 Ro·

372 1861 479 1924 que
522 1843 688 1906 iratis
728 1857 1088 1926 propterea
1126 1842 1249 1904 diis
1285 1862 1427 1905 rem
1465 1816 1826 1907 Romanam
1946 1863 2288 1905 manorum
2353 1840 2673 1923 impietati
2740 1838 3030 1921 graviter
3085 1839 3451 1916 irascentis,

378 1941 446 2003 ad
508 1965 632 2007 eam
689 1945 1147 2008 infelicitatem
1213 1945 1587 2028 prolapsam
1647 1944 1825 2011 idem
1944 1943 2121 2028 quod
2170 1930 2407 2007 annum
2456 1942 2535 2008 V.
2578 1941 2651 2002 C.
2699 1960 2857 2004 noo
2905 1932 3106 2002 nullis
3164 1940 3451 2005 solenni·
3504 2009 3518 2021 ,

382 2048 674 2126 pueriliter
713 2047 1165 2129 conqueritur.
1942 2047 2064 2111 bus
2115 2046 2669 2133 frequentassent.

480 2150 555 2210 At
590 2162 727 2212 sunt
771 2162 1077 2211 auctores
1123 2168 1388 2230 graves,
1438 2142 1550 2233 qui
1586 2149 1826 2232 elapsis
2070 2150 2258 2210 Haec
2307 2145 2576 2208 uberius
2632 2143 3017 2225 explicanda
3073 2142 3297 2218 fuere,
3379 2156 3453 2205 ut

324 2250 327 2253 ’
386 2264 600 2329 centum
661 2242 903 2313 tautum
956 2251 1140 2313 annis
1193 2238 1512 2334 agendos,
1539 2252 1829 2316 saecula·
1943 2249 2321 2314 Maximiani
2405 2247 2885 2321 saecularibus,
2967 2266 3128 2327 quos
3211 2244 3449 2307 numus

390 2353 813 2429 res-docuere,
876 2352 1182 2414 nimirum
1239 2354 1416 2437 quod
1452 2366 1571 2415 -tot
1622 2375 1825 2419 annos
1942 2356 2051 2416 hic
2126 2351 2511 2437 eloquitur,⁴
2573 2369 2657 2411 ex
2718 2346 3033 2412 alterutra
3094 2347 3246 2429 lege
3313 2346 3454 2409 ido·

392 2454 661 2516 saeculum
721 2454 916 2519 civile
974 2454 1462 2538 complectitur.
1549 2459 1824 2539 Magnos
1942 2476 2141 2519 neum
2186 2454 2597 2537 reperiamus
2635 2458 2916 2534 tempus.
2962 2453 3046 2512 At
3094 2449 3270 2510 enim
3317 2469 3453 2513 om-

394 2550 501 2632 ejus
544 2554 863 2623 doctrinae
926 2556 1124 2619 vades
1195 2558 1351 2621 citat
1404 2557 1826 2639 Censorinus,
1943 2557 2045 2619 nis
2110 2551 2442 2630 calculus,
2489 2575 2685 2638 quem
2740 2560 3175 2626 tentaveram,
3243 2551 3452 2613 incas·

390 2653 660 2721 valerium
696 2661 1060 2735 Antiatem,
1098 2650 1502 2735 Vari-onem,
1538 2659 1822 2724 Livium.
1945 2679 2088 2723 sum
2147 2657 2408 2721 cecidit.
2497 2656 2756 2718 Adhibe
2827 2653 3118 2721 edictum
3169 2654 3453 2735 Augusti

386 2756 480 2820 Hi·
524 2760 666 2825 adde
722 2761 1152 2828 Claudianum
1186 2756 1284 2843 l³),
1347 2776 1416 2824 et
1477 2763 1561 2826 D.
1605 2764 1827 2844 Augu·
1942 2776 2209 2826 eentum
2276 2773 2344 2824 et
2419 2759 2651 2822 decem
2716 2777 3033 2820 annorum
3097 2751 3449 2819 intervallo
3514 2750 3517 2753 ’

292 2851 298 2858 ’
383 2858 571 2924 stinum
614 2866 702 2947 c),
792 2885 1072 2948 quorum
1157 2865 1530 2928 testimonia
1612 2865 1826 2930 brevi·
1945 2886 2181 2928 munus
2227 2862 2563 2926 saeculare
2616 2857 3243 2923 circumscribentis.
3335 2857 3453 2919 Se-

380 2962 496 3026 tatis
533 2986 705 3030 causa
748 2971 1123 3048 praetereo.
1163 2969 1253 3030 Et
1298 2968 1493 3048 video
1543 2979 1667 3030 tam
1720 2989 1824 3030 au·
1942 2967 2233 3031 cundum
2292 2967 2461 3028 hanc
2505 2954 2784 3045 Augusti
2838 2964 3060 3046 legem
3127 2963 3453 3043 postremi

375 3067 625 3131 ctoritate
684 3070 1118 3153 scriptorum,
1200 3092 1389 3153 quam
1452 3090 1822 3146 numerum,
1942 3083 2092 3133 ante
2141 3066 2608 3131 Maximianum
2661 3066 3032 3129 saeculares
3083 3063 3272 3126 fuere
3324 3062 3449 3139 illi,

367 3165 506 3231 hanc
544 3185 796 3257 quoque
846 3174 1068 3255 legem
1113 3173 1180 3232 in
1220 3172 1493 3255 agendis
1539 3173 1824 3256 saecula-5
1940 3192 2108 3255 quos
2159 3171 2298 3254 egit
2351 3172 2637 3235 Severus
2682 3189 2851 3232 anno
2891 3167 2974 3236 V·
3013 3169 3085 3230 C.
3125 3168 3273 3252 957.
3317 3163 3451 3229 Ad-

363 3270 513 3335 ribus
566 3290 825 3340 secutos
882 3275 1349 3357 imperatores,
1417 3274 1535 3338 sed
1580 3275 1710 3350 sic,
1754 3286 1825 3335 ut
1943 3273 2026 3338 de
2074 3295 2279 3337 annos
2319 3254 2472 3360 ito,
2519 3272 2654 3336 eris
2693 3271 2762 3331 in
2816 3289 2984 3333 anno
3020 3270 3105 3334 V.
3148 3271 3220 3333 C.
3270 3265 3451 3349 1067,

276 3419 285 3452 s
354 3379 459 3446 ⁴eos
515 3378 687 3439 annis
754 3375 939 3442 urbis
1006 3377 1308 3454 conditae
1380 3375 1822 3440 saecularibus
1942 3377 2050 3440 cui
2089 3390 2258 3438 teste
2308 3377 2453 3459 ipso
2487 3374 2753 3437 Zosimo
2799 3372 3088 3455 proximi
3120 3394 3157 3433 a
3195 3372 3450 3433 Severo

358 3475 930 3544 adcommodat-ent.
978 3478 1127 3553 ,Sic
1184 3477 1534 3542 ‘Claudium
1607 3479 1824 3562 egisse
1943 3477 2320 3541 saeculares
2407 3476 2847 3538 debebantur.
2951 3475 3036 3534 At
3122 3459 3457 3533 Maximia-

358 3581 691 3646 saeculares
736 3601 907 3647 auno
949 3581 1033 3649 V.
1081 3583 1157 3646 C.
1202 3581 1361 3658 800,
1426 3593 1679 3643 certum
1725 3597 1826 3644 est
1941 3601 2062 3642 nus
2112 3578 2238 3660 jam
2285 3597 2456 3641 anno
2492 3578 2574 3643 V.
2620 3579 2691 3639 C.
2749 3577 2912 3642 1058
2951 3573 3306 3655 imperium
3337 3591 3457 3659 po-

356 3685 701 3748 testimonio
786 3684 1035 3758 Taciti,
1116 3697 1181 3746 et
1261 3680 1630 3746 Censorini.
1718 3685 1822 3746 De
1920 3683 2101 3758 .suit‚
2151 3678 2434 3752 subinde,
2474 3680 2557 3746 V.
2602 3680 2671 3743 C.
2723 3675 2880 3739 1003
2934 3696 2970 3737 a
3017 3675 3449 3739 Constantino

354 3786 658 3850 Antonino
718 3787 843 3849 Pio
912 3785 1131 3850 refert
1193 3786 1504 3857 Aurelius
1569 3787 1824 3864 Victor,
1941 3789 2033 3849 Μ.
2102 3785 2185 3848 ad
2255 3785 2535 3846 mortem
2606 3779 2892 3844 adactus.
2992 3778 3218 3864 Latius
3279 3775 3454 3839 fauit

358 3904 570 3952 annum
623 3889 808 3952 urhis
860 3887 1435 3972 nongentesimum
1478 3889 1821 3973 magnifice
1939 3890 2051 3951 lex
2103 3889 2345 3963 altera,
2383 3905 2577 3970 ‚quae
2620 3882 2813 3973 lucios
2865 3879 3240 3956 saeculares„
3284 3899 3454 3944 anno

358 3986 429 4056 ab
488 4011 564 4056 eo
614 3991 824 4056 ¹§nieme
886 3992 1328 4069 celebratum,
1395 4005 1589 4074 atque
1651 3990 1825 4056 haud
1941 3991 2023 4057 V.
2070 3993 2139 4054 C.
2199 3989 2521 4052 saeculari
2577 3986 2821 4069 adfigit.
2910 3984 3122 4065 Hujus
3182 3982 3456 4064 generis

361 4088 533 4156 dubia
574 4096 744 4158 ludis
800 4092 1276 4171 saecularibus,
1337 4093 1459 4172 etsi
1498 4094 1669 4157 hanc
1720 4114 1827 4160 vo·
1940 4092 2264 4175 postremi
2308 4091 2533 4166 suere,
2582 4110 2744 4173 quos
2804 4085 3167 4152 celebravit
3201 4073 3454 4166 ‚Phffii“

362 4213 490 4256 cem
534 4199 780 4262 omittat
827 4196 1217 4272 historicus,
1277 4194 1394 4258 sed
1441 4195 1619 4256 idem
1670 4178 1827 4281 quo-
1942 4215 2065 4277 pus
2140 4193 2221 4262 V.
2289 4196 2363 4256 C.
2439 4214 2616 4257 1001.
2705 4192 2959 4258 Verum
3022 4187 3455 4249 Maximianus

299 4324 327 4354 ν
364 4315 474 4386 (μθ
517 4320 646 4368 eam
694 4301 764 4364 in
806 4299 1129 4383 proximis
1171 4297 1828 4383 Philipporum‘omi·
1944 4295 2093 4358 ad*
2071 4294 2423 4378 imperium
2481 4308 2749 4360 evectus
2785 4294 2889 4378 V.
2944 4288 3259 4371 C.1039‚
3313 4307 3459 4353 cae·

363 4395 466 4472 sit,
504 4421 656 4483 quos
674 4415 876 4474 certo
910 4415 1167 4474 constat
1197 4401 1417 4474 fnisse„
1437 4399 1827 4463 saeculares.
1947 4418 2053 4460 sus
2089 4396 2171 4466 V.
2216 4399 2292 4464 C.
2339 4397 2489 4492 1'o63
2533 4418 2769 4462 annum
2815 4397 2897 4464 V.
2933 4394 3008 4458 C.
3039 4391 3451 4455 saecularem

367 4496 563 4563 Ludos
616 4527 783 4568 anno
845 4506 929 4574 V.
990 4505 1063 4566 C.
1136 4524 1284 4567 ιοοι
1356 4501 1829 4587 imperantibus
1945 4521 2077 4563 non
2142 4501 2408 4590 attigit..
2470 4497 2779 4575 Accedit,
2860 4494 3237 4582 Maximiani
3315 4513 3453 4555 sae-

426 4717 483 4787 0)
516 4716 569 4774 in
605 4721 820 4780 Domit.
862 4742 912 4783 c.
952 4733 1008 4784 4.
1242 4723 1312 4795 b)
1354 4721 1426 4778 de
1467 4682 1776 4779 consulatu
1813 4718 1919 4781 VI.
1958 4717 2226 4776 Honorii.
2469 4701 2529 4794 e)
2572 4718 2641 4775 de
2683 4714 2810 4775 Civ.
2852 4712 2983 4794 Dei.
3024 4712 3088 4771 L.
3133 4712 3230 4773 ΙΙΙ.
3275 4730 3325 4796 ⁰?
3367 4719 3453 4772 18.
