4388 5576
896 454 1041 535 290

893 630 1149 713 juvaret
1219 616 1579 704 inscriptiO.
1665 616 1972 704 Denique
2046 619 2114 681 in
2187 641 2387 683 numo

896 732 1124 815 quinto
1173 737 1366 808 caput
1415 721 1616 784 habes
1662 722 1839 786 idem
1885 732 2190 804 prorsus,
2238 745 2389 807 qua-

798 890 807 899 .
895 833 1082 895 lein
1118 847 1316 889 numo
1378 824 1555 887 aedis
1619 837 1885 887 octavae
1954 826 2387 906 conspicitur3

894 934 1072 1016 atqui
1124 929 1290 991 illud
1337 946 1531 988 nemo
1580 925 1897 989 dubitabit
1949 941 2226 1010 propter
2284 924 2393 988 ad-

896 1036 1102 1098 ditum
1147 1028 1512 1097 MAGNVS
1559 1047 1703 1089 esse
1742 1026 2095 1089 Alexandri
2132 1030 2259 1107 M.;
2306 1047 2389 1090 ex

896 1158 1027 1224 quo
1090 1135 1417 1217 sequitur,
1480 1130 1619 1209 eius
1665 1130 1859 1192 etism
1906 1147 2050 1190 esse
2096 1128 2388 1209 reliquos

893 1239 1049 1301 huic
1091 1238 1285 1323 plane
1330 1234 1616 1307 similes,
1679 1231 1801 1293 etsi
1846 1230 1914 1291 in
1960 1231 2060 1291 his
2106 1251 2176 1290 το
2232 1231 2391 1291 ΜΑ-

893 1338 1127 1407 GNVS
1160 1335 1600 1399 desideretur.
1686 1335 1772 1394 At
1807 1333 2020 1407 enim,
2068 1332 2389 1414 inquiunt,

890 1440 1072 1504 idem
1118 1440 1241 1501 fuit
1291 1452 1528 1500 nomen
1580 1434 1973 1516 etfPhilippi
2012 1436 2097 1498 11.
2142 1447 2211 1493 et
2254 1416 2389 1494 Μ.-

894 1562 1122 1607 maeae
1175 1539 1349 1617 filio,
1407 1557 1689 1619 cumque
1722 1550 2005 1599 constet
2055 1555 2142 1599 ex
2201 1535 2384 1596 Lam·

890 1644 1146 1730 pridio‚
1192 1641 1483 1703 delatum
1517 1638 1667 1703 huic
1698 1638 1900 1699 fuisse
1926 1656 1965 1699 a'
1989 1652 2217 1699 senatu
2248 1641 2388 1700 Ma-

884 1752 1006 1832 ym‘
1045 1765 1324 1819 nomen⁴
1386 1741 1510 1804 etsi
1542 1761 1673 1802 non
1706 1754 2144 1826 acceptatum,
2205 1752 2387 1822 pote-

890 1862 1039 1912 rant
1084 1868 1235 1910 eum
1284 1842 1688 1937 posterioris
1722 1844 1867 1911 aevi
1910 1839 2194 1903 artifices
2232 1840 2388 1903 Ale·

890 1950 1122 2014 xandri
1156 1952 1250 2012 M.
1285 1949 1509 2011 habitu
1542 1926 1888 2029 effingere.
1956 1948 2041 2005 At
2071 1963 2386 2025 cuperem

892 2074 975 2116 ex
1015 2066 1158 2115 toto
1200 2053 1326 2113 hoc
1371 2049 1932 2113 contorniatorum
1979 2047 2238 2127 agmine
2275 2044 2387 2107 vel

890 2156 1151 2220 unicum
1199 2152 1447 2216 adferri
1494 2152 1906 2234 exemplum,
1969 2146 2178 2232 quod
2191 2146 2388 2207 doce-

890 2271 987 2336 at,
1048 2256 1261 2319 solum
1316 2254 1629 2335 principis
1680 2250 1959 2311 Romani
2009 2269 2250 2312 nomen
2303 2248 2385 2309 iis

888 2358 1092 2420 fuisse
1152 2354 1423 2417 inscribi
1482 2353 1744 2446 solitum
1808 2352 2138 2413 subtracto
2208 2351 2387 2411 omni

888 2459 1355 2543 imperatoriae
1394 2439 1747 2545 majestatis
1782 2452 2150 2528 titu10‚sic
2187 2467 2259 2514 ut
2292 2452 2388 2512 le-

864 2575 1169 2648 ‘geretur
1197 2574 1441 2621 tantum
1466 2556 1746 2629 NERO,
1786 2556 1895 2615 vel
1915 2552 2383 2628 TRMANVS,

889 2679 964 2727 ut
991 2665 1062 2726 in
1096 2664 1195 2724 his
1229 2676 1472 2725 tantum
1518 2655 2086 2722 ALEXANDER.
2176 2656 2386 2715 Acce·

889 2768 1022 2846 dit,
1065 2766 1268 2829 fuisse
1330 2782 1564 2826 revera
1621 2758 1972 2822 nonnullos
2033 2757 2385 2840 imperato-

770 2933 775 2938 ,
890 2890 1037 2946 res,
1082 2869 1192 2952 qui
1225 2887 1357 2928 non
1390 2864 1682 2927 contenti
1705 2861 2038 2954 honore,‘
2040 2877 2233 2941 quem
2265 2859 2385 2918 im-

886 2973 1060 3056 perii
1114 2970 1413 3052 majestas
1468 2966 1694 3043 dabat,
1738 2964 1988 3027 alienos
2042 2963 2383 3040 invasere3

890 3073 987 3135 sic
1032 3070 1427 3133 Commodus
1472 3070 1811 3139 Hercules,

886 3382 1195 3466 Hercules
1239 3389 1526 3452 tantum,
1590 3371 1707 3434 sed
1752 3372 1860 3434 vel
1904 3374 2208 3433 Hercules
2247 3371 2382 3430 Au·

881 3493 1147 3563 qartus,
1210 3478 1321 3543 vel
1378 3483 1759 3550 Romanus.
1800 3494 2125 3555 nunquam
2192 3471 2383 3533 Cara·

773 3593 779 3600 '
887 3583 1054 3647 calla
1117 3594 1363 3644 tantum
1425 3583 1841 3651 Alexander,
1909 3574 2017 3638 vel
2082 3578 2378 3652 Maynus,

891 3682 1010 3746 sed
1109 3682 1351 3752 Divo.
1446 3676 1941 3741 ΑΝἹΟΝΙΝΟ.
2000 3671 2378 3736 MAGNO.

891 3784 1219 3875 Quocirca
1282 3784 1337 3844 si
1395 3796 1587 3866 caput
1646 3780 1710 3840 in
1761 3780 1869 3840 his
1929 3777 2142 3837 numia
2204 3786 2381 3836 esset

888 3885 1253 3950 Alexandri
1298 3881 1560 3955 Severi,
1621 3873 2026 3961 nequaquam
2070 3896 2223 3938 sane
2269 3875 2383 3936 ali·

832 4065 841 4072 ῤ
892 4011 1012 4072 qua
1063 3986 1201 4066 ejus
1257 3984 1482 4044 saltem
1541 3993 1649 4042 aut
1692 3981 1989 4054 nomina,
2051 3992 2158 4038 aut
2205 3975 2382 4038 tituli

887 4090 1166 4150 fuissent
1223 4085 1474 4157 omissi3
1536 4096 1600 4142 et
1649 4079 1823 4166 quod
1875 4081 2204 4166 sequitur,
2264 4091 2379 4141 eos
2453 4087 2456 4088 ’

891 4209 1119 4253 omues
1160 4188 1306 4272 regi
1342 4184 1686 4249 Macedoni
1726 4196 1864 4245 tuto
1904 4180 2176 4243 tribues.
2222 4184 2382 4242 Cau-

774 4277 785 4325 f
891 4311 1060 4367 sam,
1136 4312 1252 4353 cur
1312 4288 1367 4350 is
1439 4301 1565 4349 tam
1634 4287 2023 4370 frequenter
2082 4283 2151 4343 -in
2214 4283 2378 4344 hanc

884 4416 1231 4460 numorum
1278 4396 1551 4454 classem
1595 4401 1901 4471 receptus
1940 4388 2054 4461 sit,
2100 4404 2228 4446 non
2267 4384 2380 4445 ali·

887 4520 990 4562 am
1049 4515 1193 4559 csse
1251 4494 1569 4578 conjicio,
1627 4488 2034 4576 quam-quod
2083 4487 2224 4568 ejus
2268 4506 2379 4547 no·

961 4710 1023 4774 a)
1069 4705 1127 4760 in
1168 4702 1635 4762 Pseudomantie.

1858 3043 2187 3126 Caracalla
2211 3067 2385 3126 Ale·
2407 3103 2420 3108 -

852 3177 1142 3278 'munder
1187 3178 1276 3235 Μ.
1335 3172 1465 3235 dici
1523 3168 1860 3255 propalam
1919 3165 2210 3230 voluere.
2294 3166 2410 3225 At,

888 3296 1217 3359 nunquam
1280 3275 1348 3334 in
1410 3274 1624 3335 numis
1683 3267 2080 3332 Commodus
2142 3265 2382 3327 dicitur
2434 3308 2440 3318 .

1937 433 2962 520 PSEVDOMONETA.

2502 643 2653 686 men
2699 627 2738 687 e
2778 609 3199 691 victoriarum
3248 633 3314 685 et
3361 620 3854 705 excellentiatet
3885 643 4004 686 nu-

2503 746 2689 789 mero
2726 711 2850 788 fuit
2885 727 3194 808 inclytum
3218 768 3235 800 ‚
3285 726 3462 809 quod
3496 738 3842 808 utrumque
3881 725 3997 788 de‘·

2505 848 2618 890 cus
2655 826 3064 897 adfectabant
3102 827 3294 889 etiam
3330 827 3611 911 athletae
3649 827 3998 891 Circenses

2503 931 2740 993 horum
2788 948 3133 993 numerum
3179 928 3368 991 fabri.

3236 1029 3274 1066 ιιι

3072 1079 3111 1117 se
3400 1075 3440 1112 ι
3816 1074 3824 1083 ·

2791 1133 3259 1197 OLYMPIAS.
3278 1136 3383 1206 (in
3400 1135 3728 1216 plerisque
3744 1133 3998 1215 omu-

2785 1235 3038 1314 PIASJ
3051 1233 3417 1296 REGINA.
3472 1238 3802 1316 Olympias
3820 1243 3996 1302 vela-

2787 1350 2857 1400 ta
2885 1342 2953 1399 in
2982 1340 3140 1403 lecto
3162 1339 3402 1397 oubam
3422 1341 3751 1399 dexteram
3773 1361 3993 1404 verme

2788 1450 3134 1520 serpentem
3186 1442 3630 1517 adsumentem
3684 1446 3992 1520 extendit,

2787 1562 2838 1603 e.
2885 1544 3180 1618 debuitne
3224 1542 3542 1621 innititur.

2507 1647 2708 1721 Caput
2731 1646 3026 1706 Neronis.
3075 1641 3373 1720 (Morelli
3412 1642 3646 1725 Impp.)
3701 1651 3990 1725 vajani.

2503 1748 2968 1826 (Havercamp.
3005 1763 3180 1805 num.
3210 1741 3345 1820 68.)
3388 1746 3780 1811 Carae-allae.
3819 1750 3994 1831 (Cat.

2503 1848 2883 1929 dQEnnery)
2930 1844 3296 1907 Alea-andri
3328 1850 3416 1907 Μ.
3464 1845 3664 1926 (Mus.
3699 1844 3872 1917 Pric.
3904 1849 3992 1913 de

2501 1950 2879 2029 Waldeck.)

2783 2054 2947 2115 Sine
2980 2052 3337 2131 epiqraplaee.
3392 2053 3603 2129 Typus
3634 2057 3818 2129 idem,
3853 2061 3994 2120 nise·

2784 2157 2959 2237 quod
2988 2174 3111 2230 pro
3153 2152 3444 2228 delphino
3479 2156 3570 2233 sit
3601 2157 3872 2232 simplex
3891 2160 3994 2221 ‚lo-

2779 2257 2937 2316 ctuli
2967 2256 3276 2333 fulcrum.
3791 2248 3796 2251 ’

2503 2364 2705 2439 caput
2735 2357 3028 2419 Neronis.
3076 2354 3276 2435 (Mus.
3314 2353 3496 2416 Caes.
3535 2366 3601 2417 et
3634 2356 3842 2441 alibi.)

2626 2454 3084 2539 Olympiadem
3117 2475 3197 2515 ex
3228 2453 3511 2516 dracone
3539 2458 3986 2528 Alexandrum

2496 2561 2587 2621 M.
2628 2557 3042 2637 concepisse,
3090 2577 3125 2617 a
3159 2555 3455 2639 pluribus
3498 2561 3863 2642 proditum,
3908 2586 3986 2629 ac

2496 2660 2850 2744 praecipue
2889 2651 3245 2721 Plutarcho
3293 2658 3360 2718 in
3409 2659 3547 2741 ejus
3602 2665 3780 2745 regis
3827 2667 3982 2744 vita,

2498 2782 2809 2848 quorsum
2882 2757 3196 2822 adludunt
3261 2762 3699 2842 praesentium
3762 2786 3993 2831 numo-

2496 2886 2642 2926 rum
2674 2864 2829 2946 typi.
2920 2862 3382 2944 Olympiadem
3428 2864 3622 2926 etiam
3667 2868 3830 2931 citra
3873 2873 3995 2934 mi.

2495 2967 2791 3029 taculum
2852 2963 3202 3026 draconem
3266 2965 3556 3046 potuisse
3620 2968 3684 3028 in
3743 2971 3988 3038 lectum

2496 3069 2839 3149 recipere,
2887 3064 3212 3128 existimat
3255 3068 3616 3144 Lucianus,
3681 3075 3986 3154 quoniam

2498 3169 2671 3270 apud
2730 3168 2983 3229 Pellam
3045 3165 3470 3230 Macedoniae
3543 3169 3726 3250 cicur
3783 3176 3989 3257 quod·

2497 3273 2645 3334 dam
2680 3269 2803 3330 fuit
2839 3282 2907 3331 et
2944 3267 3283 3332 tractabile
3329 3284 3708 3352 serpentum
3756 3294 3987 3356 genus,

2496 3393 2661 3457 quae
2696 3371 2869 3435 forte
2915 3370 3171 3454 cognita
3207 3371 3475 3453 reginae
3514 3392 3663 3436 cum
3698 3377 3989 3443 dracone
4053 3416 4058 3419 ’
4181 3395 4192 3404 “

2496 3471 2898 3536 familiaritas
2955 3473 3367 3536 occasionem
3426 3471 3685 3537 dederit
3739 3480 3988 3563 vulgati

2494 3575 2779 3638 rumoris
2825 3575 2906 3637 de
2954 3587 3314 3658 concepto,
3360 3589 3430 3637 nt
3472 3577 3796 3641 Lucienus
3839 3583 3984 3666 ipse

2496 3677 2789 3758 conjicit,
2836 3697 2919 3738 ex
2964 3675 3250 3738 dracone
3288 3677 3666 3742 Alexandro
3699 3683 3778 3762 ⁸).
3824 3684 3986 3747 Del·
4105 3705 4120 3720 ·

2494 3780 2761 3864 phium,
2790 3780 2902 3838 cui
2943 3781 3171 3862 regina
3212 3778 3542 3855 innititur,
3587 3773 3821 3863 purum
3865 3807 3987 3870 pu.

2497 3895 2633 3942 tum
2681 3879 2938 3942 videtur
2981 3880 3210 3944 lectuli
3256 3891 3736 3962 ornamentum,
3782 3902 3848 3952 et.
3883 3890 3987 3952 =ni·
4039 3910 4054 3918 ·

2496 3983 2589 4048 hil
2634 3982 2736 4046 ad*
2761 3995 2979 4065 typum
3009 3982 3355 4060 conferre.

3218 4083 3257 4123 an

2621 4127 3209 4267 NIKOKPszN.
3270 4125 3441 4252 Vide
3478 4186 3647 4252 infra
3692 4192 3757 4252 iu
3800 4197 3988 4284 Ana·-

2495 4292 2754 4353 aearcko.
3279 4367 3280 4370 Ἴ
3411 4337 3420 4340 -
4018 4304 4026 4311 “

2641 4399 2646 4403 -
3224 4387 3262 4423 ιε

2777 4433 3303 4556 ΡΕΤΒὸΝΝε.
3325 4435 3797 4559 mixsmvs.
3821 4498 3989 4581 (sic)
