4388 5576
937 464 1085 540 DE
1176 463 1773 538 memma.
1862 465 2010 537 ET
2087 442 2772 560 cotton'rlss.⁸

279 647 467 716 etiam
529 647 941 725 consulares,
1014 646 1078 710 iri
1138 647 1370 731 quibus
1450 642 1770 727 conspici-

285 777 458 827 mus,
521 752 619 813 his
681 750 882 832 signis
946 773 977 811 a
1025 773 1271 822 summa
1319 751 1535 820 bastae
1582 759 1767 828 parte

282 875 489 939 usque
564 851 641 914 ad
711 843 986 913 mediam
1070 853 1350 914 insertos
1412 848 1770 925 orbiculos,

283 948 641 1036 eorumque
705 975 900 1015 unum
970 955 1615 1038 alteri·impositum‚
1683 964 1769 1011 at·

286 1079 411 1143 que
450 1055 570 1119 bos
621 1056 776 1117 olim
812 1045 1049 1117 stitisse
1096 1056 1409 1136 imagines
1442 1055 1771 1118 variorum

281 1151 649 1231 numinum,
715 1155 952 1217 deinde
1018 1160 1518 1238 imperatorum,
1598 1151 1773 1237 quod

281 1262 445 1324 item
491 1280 659 1323 com.
703 1259 935 1339 Caylus
973 1259 1126 1317 alibi
1180 1258 1424 1322 diserte
1458 1255 1653 1316 docet
1686 1254 1768 1335 ΙΙ).

286 1353 356 1423 ln
402 1361 524 1422 bac
587 1377 751 1440 ergo
796 1361 1113 1421 sementia
1173 1361 1489 1441 imagines
1536 1356 1772 1437 princi-

282 1484 437 1545 pum
478 1463 695 1522 bastae
727 1460 895 1542 signi
932 1462 1224 1523 militat-is
1266 1463 1532 1528 fuerunt
1573 1459 1776 1518 inser·

288 1578 413 1626 tae.
502 1562 683 1622 Alio
732 1560 968 1637 modo,
1047 1563 1239 1624 docet
1309 1562 1520 1636 idem,
1598 1545 1776 1620 numi

290 1665 604 1728 maximae
683 1664 934 1726 fot-mae
1024 1663 1482 1746 imperantium
1563 1660 1774 1725 vultus

285 1763 619 1850 complexi
669 1788 751 1830 ex
804 1787 1046 1828 summa
1105 1766 1280 1826 basta
1347 1784 1477 1846 ope.
1515 1778 1777 1824 catenu-

236 1871 390 1931 ‘lae
437 1868 928 1952 dependebant,
986 1867 1184 1950 idque
1245 1864 1560 1948 adprobat
1620 1865 1777 1924 Bar-

288 1962 659 2051 thelemyus
722 1971 991 2053 prolatis
1056 1969 1268 2030 numis
1328 1962 1776 2048 compluribus

288 2071 509 2133 musei·
557 2069 747 2151 regii.
837 2069 1130 2152 Amplius
1202 2066 1373 2132 istud
1435 2063 1777 2129 confirmat

284 2172 584 2234 indicatis
642 2174 852 2233 numia
916 2171 1288 2247 Iustiniani,
1346 2189 1508 2256 quos
1570 2166 1776 2228 edidit

286 2292 459 2336 com.
530 2271 763 2352 Caylus
795 2268 904 2356 ¹²),
965 2273 1073 2356 qui
1135 2273 1431 2335 catenula
1498 2268 1775 2331 connexi

292 2373 482 2435 alteri
523 2375 700 2448 usui,
747 2389 819 2438 ut
852 2389 1125 2457 uterque
1176 2359 1532 2447 existimat,
1578 2372 1778 2434 set-vi·

286 2494 362 2534 re
408 2496 539 2536 non
586 2489 896 2562 potuere,
960 2478 1084 2537 nisi
1144 2491 1214 2540 ut
1276 2467 1463 2559 signo
1511 2461 1776 2534 militari

287 2573 485 2646 adfixi.
517 2576 912 2663 penduliqne
942 2600 1267 2641 sacrarum
1292 2578 1602 2660 principis
1624 2576 1776 2638 ima·

287 2678 511 2760 ginum
557 2679 731 2739 vices
764 2693 1054 2761 agerent.

414 2780 515 2839 En
548 2779 665 2841 tibi
709 2782 843 2843 sola
879 2782 1039 2844 haec
1076 2793 1498 2864 argumenta,
1546 2778 1779 2864 quibus

291 2882 613 2965 praeclari
643 2884 709 2942 lii
746 2884 865 2947 viri
902 2906 1245 2946 numorum
1295 2878 1781 2945 maximae'for-

290 3002 433 3044 mae
484 2994 674 3044 'usum
726 2987 875 3047 satis
927 2985 1235 3067 putabant
1287 2984 1779 3066 comprobatum

292 3084 466 3143 nulla
506 3083 626 3146 alia
662 3085 796 3146 sive
830 3088 1225 3168 scriptorum
1262 3096 1592 3159 vetet-um,
1640 3086 1778 3147 sive

295 3200 859 3246 monumentorum
946 3186 1264 3268 producta
1369 3187 1778 3249 auctoritate.

294 3288 479 3366 Ergo
507 3270 604 3345 ini
639 3287 952 3367 imagines
989 3287 1426 3366 Augustorum
1465 3307 1594 3347 non
1642 3307 1783 3349 cre·

296 3387 523 3449 didere
566 3388 837 3449 seorsim
882 3388 1245 3461 exstitisse,
1290 3401 1395 3447 aut
1427 3388 1570 3448 illas
1607 3396 1812 3448 seorss·

296 3490 413 3550 sim
479 3489 541 3549 in
607 3489 808 3571 signis
872 3487 1256 3550 militaribus
1329 3510 1782 3563 numeravere,

301 3604 713 3676 gestatosque
777 3592 975 3653 hastis
1019 3590 1332 3674 perinde,
1395 3613 1468 3653 ac
1530 3591 1594 3654 in
1643 3592 1784 3653 aliis

296 3693 607 3779 aquilam,
640 3722 643 3727 ·
672 3705 915 3754 sertum
942 3739 956 3767 ‚
1038 3713 1294 3753 manum
1378 3694 1784 3775 explicatam,

298 3817 374 3856 ac
420 3796 692 3871 similia,
757 3808 821 3856 et
868 3794 1033 3856 adeo
1096 3794 1207 3854 bas
1254 3795 1567 3877 imagines
1611 3787 1784 3880 prin-'-

302 3899 552 3979 cipum,
610 3918 774 3981 quos
814 3890 1191 3980 superstitio
1243 3901 1529 3959 Romana
1579 3904 1787 3959 aeter·

300 4019 417 4060 nos
476 4002 716 4076 sanxit,
789 4001 1177 4082 superisque
1237 3999 1572 4081 aequavit,
1630 4020 1786 4060 non-

299 4100 424 4161 nisi
470 4101 783 4182 quandam
829 4102 907 4164 ad
964 4098 1155 4181 signa⁴
1202 4100 1531 4162 ordinaria
1575 4120 1786 4175 acces-

301 4200 550 4269 sionem
591 4218 925 4286 putavere.
1013 4201 1206 4265 Aliud
1246 4202 1486 4266 docent
1526 4205 1783 4265 oracula

302 4300 593 4363 veterum
615 4349 632 4378 ‚
690 4319 758 4366 et
788 4317 968 4367 cet-ta
1000 4288 1567 4367 monumentorum
1599 4305 1784 4381 tides,

3221 490 3359 569 491

1880 647 2188 711 nimirum
2249 635 2569 730 imagines
2646 651 2995 714 Caesarum
3074 669 3367 737 separata

1883 746 2089 836 fuisse
2131 749 2314 831 signa
2355 741 2533 820 nulla
2583 770 2727 813 cum
2787 752 2930 813 aliis
2976 760 3375 821 communio·

1884 851 2005 923 ne,
2053 863 2119 912 et
2164 853 2258 914 sic
2298 853 2359 914 in
2404 852 2668 935 legione
2699 851 2974 936 pet-inde
3020 871 3210 940 atque
3252 861 3374 932 alia

1860 948 2151 1038 ‘publice
2205 955 2540 1036 exposita,
2606 953 3039 1039 praelataque.
3128 961 3229 1020 Ex
3291 965 3380 1022 al·

1890 1051 2037 1113 latis
2096 1054 2288 1116 altius
2351 1055 2647 1138 vegetii,
2715 1057 3048 1134 Suetonii,
3119 1060 3374 1121 Arriani

1888 1157 2282 1218 testimoniis
2308 1157 2647 1219 manifeste
2678 1157 3028 1232 docemur,
3072 1158 3247 1221 aliud
3268 1161 3381 1223 'su-

1885 1257 2015 1316 isse
2049 1257 2333 1337 aquilas,
2378 1257 2555 1318 aliud
2602 1259 2782 1339 signa
2833 1264 3152 1338 Romana,
3198 1263 3376 1324 aliud

1887 1359 2205 1437 imagines
2241 1361 2612 1422 Caesarum.
2707 1362 2916 1442 Atque
2954 1362 3067 1422 bas
3101 1345 3378 1438 seorsim

1891 1458 1971 1520 ab
2025 1460 2168 1521 aliis
2227 1460 2351 1538 jam
2407 1461 2580 1543 ipsas
2640 1459 2842 1523 dictas
2897 1462 3101 1523 fuisse
3163 1471 3380 1546 siqua,

1891 1559 2102 1640 palam
2139 1560 2337 1623 docet
2367 1562 2468 1624 Ft.
2497 1560 2844 1644 Iosephus,
2907 1565 3018 1646 qui
3053 1586 3201 1627 cum
3238 1589 3383 1628 nar·

1891 1673 2135 1735 rasset,
2196 1660 2476 1724 Pilatum
2525 1663 2779 1724 Tiberii
2841 1662 2909 1724 in
2956 1665 3189 1727 Iudaea
3233 1687 3384 1748 pro·
3429 1669 3442 1682 '

1892 1775 2264 1822 curatorem
2317 1764 2481 1825 clam
2533 1765 3021 1846 Hierosolymas
3080 1767 3376 1830 intulisse

1863 1863 2185 1926 ‘Caesaris
2238 1863 2820 1951 imagines,·quod
2872 1867 3111 1929 deinde
3155 1871 3382 1952 ingen-

1870 1965 1974 2025 ·tis
2015 1965 2081 2025 in
2128 1965 2376 2056 populo
2430 1981 2644 2028 motus
2686 1987 2878 2043 causa
2930 1970 3215 2045 exstitit,
3275 1971 3384 2033 ad-

1892 2065 2025 2142 dit,
2070 2086 2178 2127 eas
2214 2071 2404 2148 siqua
2433 2066 2634 2130 fuisse
2656 2083 2949 2144 vocatas,
2994 2092 3107 2144 τας
3141 2070 3384 2131 Καισω-

1891 2190 1987 2247 ρας
2032 2166 2297 2241 sanotae,
2345 2183 2605 2247 σημαιαι
2657 2174 2947 2231 ’taberna
2980 2173 3059 2254 Θ).
3152 2173 3234 2234 Et
3278 2194 3387 2256 ap-

1891 2270 2102 2354 posite
2154 2268 2320 2330 adeo
2353 2268 2430 2329 ad
2474 2270 2635 2334 baec
2689 2273 2949 2357 Iosepbi
2988 2272 3186 2337 verba
3221 2274 3386 2338 dixit

1894 2373 2122 2442 Suidas
2157 2368 2257 2457 d):
2347 2364 2667 2453 Σημαιαι,
2757 2394 2983 2457 merra,
3064 2358 3389 2458 τέρπομαι,

1894 2484 2402 2538 commemorata
2479 2475 2789 2537 continuo
2846 2477 3108 2557 Iosepbi
3166 2486 3386 2540 narra-

1890 2578 2112 2651 tione,
2182 2595 2371 2659 quam
2426 2575 2622 2637 modo
2685 2574 3089 2638 adduximus.
3171 2580 3386 2641 Reete

1899 2679 2131 2742 Suidas
2175 2678 2290 2738 has
2335 2678 2651 2760 imagines
2704 2688 2891 2739 vocat
2933 2679 3133 2740 *etiam
3179 2699 3391 2757 προτο-

1896 2804 2059 2863 μας;
2121 2801 2271 2843 nam
2316 2777 2584 2841 dubium
2630 2798 2759 2841 non
2809 2792 2942 2852 est,
3002 2780 3146 2843 illas
3189 2781 3390 2848 hastis

1897 2883 2696 2967 praefixas-protomarum
2719 2880 3048 2955 ,babuisse
3075 2884 3388 2965 speciem.

1894 2987 2158 3048 Illustre
2220 2995 2675 3063 argumentum
2735 2985 2837 3063 (ut
2894 2983 3021 3065 jam
3068 2986 3263 3048 etiam'
3309 2987 3391 3048 ad

1894 3089 2033 3169 ipsa
2096 3099 2513 3148 monumenta
2575 3083 2982 3164 delabamur)
3055 3101 3199 3149 esto
3269 3111 3387 3151 nu·

1896 3210 2038 3250 mus
2086 3185 2383 3249 coloniae
2414 3185 2794 3260 Viminacii,
2823 3186 2951 3267 'qni
2995 3200 3096 3248 est
3139 3189 3205 3248 in
3253 3190 3406 3250 mn?

1898 3309 2015 3352 seo
2078 3272 2445 3363 Caesareo,
2521 3299 2589 3346 et
2665 3285 2789 3361 iam
2855 3287 3015 3349 olim
3076 3288 3288 3349 editu's
3354 3313 3390 3352 a

1895 3389 2275 3453 Froelichio
2309 3387 2388 3466 e).
2475 3389 2547 3447 In
2610 3386 2751 3466 ejus
2814 3406 3038 3450 aversa
3083 3401 3207 3452 stat
3253 3409 3390 3450 mu-

1897 3493 2062 3566 lier,
2109 3510 2273 3572 quae
2318 3509 2509 3551 manu
2541 3488 2814 3552 dextera
2861 3490 3115 3571 signum
3158 3490 3393 3552 milita-

1898 3614 1972 3655 re
2005 3605 2225 3665 tenet,
2273 3588 2378 3654 eui
2414 3608 2601 3652 more
2649 3569 2843 3652 s‘olito
2893 3588 3071 3671 legio
3105 3593 3250 3658 vn.
3298 3590 3394 3652 in·

1900 3696 2137 3776 scripta
2167 3707 2312 3768 est,
2346 3693 2486 3774 ejus
2519 3710 2679 3756 vero
2718 3692 2886 3773 apici
2917 3692 3210 3754 imminet
3239 3714 3394 3777 pro·

1902 3810 2076 3858 tome
2136 3793 2485 3870 Gordiani,
2550 3793 2805 3857 sinistra
2868 3794 3084 3857 simile
3130 3794 3389 3877 signum

1901 3921 2047 3963 cum
2101 3899 2434 3961 mentione
2490 3896 2771 3979 legionis
2830 3897 3010 3972 1111„
3075 3911 3144 3961 et
3187 3897 3398 3960 immi-

1900 4014 2099 4062 nente
2137 4000 2238 4061 illi
2269 4014 2570 4084 protome
2618 3997 2842 4060 uxoris
2881 4001 3392 4083 Tranquillinae.

1902 4104 2115 4166 Nemo
2163 4102 2519 4166 adhaereat
2568 4098 2647 4162 ad
2682 4086 2976 4160 mulieris
3016 4101 3267 4163 vultum
3313 4120 3439 4164 ex.

1902 4207 2090 4287 signo
2136 4206 2403 4267 militari
2459 4200 2902 4284 conspicuum.
2992 4197 3159 4261 Satis
3218 4199 3393 4262 enim

1904 4308 2277 4390 cognitum,
2336 4307 2605 4370 uxorios
2665 4300 2929 4362 maritos
2988 4299 3114 4381 jam
3159 4299 3313 4364 inde
3358 4323 3395 4365 a

373 4634 433 4702 a)
460 4628 599 4689 Rec.
635 4631 733 4688 ΙΙΙ.
761 4636 903 4712 pag‘.
930 4636 1063 4692 240.

304 4716 370 4789 d)
402 4718 513 4776 Sub
557 4719 864 4807 Zimaram,

505 4823 678 4901 (Vol.
729 4827 944 4902 VIII.)

1234 4631 1304 4701 b)
1337 4635 1482 4695 Rec.
1511 4637 1677 4693 Tbmt
1707 4640 1812 4699 lv.
1851 4657 1983 4715 pag.
2017 4649 2144 4710 197.

1036 4721 1092 4794 e)
1124 4719 1229 4782 IV.
1269 4725 1538 4780 Teutam·
1568 4749 1702 4811 pag.
1743 4739 1867 4792 123.

2307 4636 2370 4711 c)
2407 4630 2482 4690 de
2514 4629 2822 4717 Beuslud.
2853 4632 2918 4690 L.
2962 4629 3034 4694 11.
3078 4653 3128 4696 c.
3160 4642 3212 4707 9.
3245 4614 3387 4704 §.522

2799 4822 2994 4884 Rrr
