4388 5576
1178 598 1272 667 :40

1193 774 1364 829 mus,
1406 751 1516 837 qui
1553 746 1811 813 nonnisi
1842 747 1945 809 die
1979 746 2146 809 XIII.
2183 743 2492 808 Octobris
2522 745 2674 809 anni

1193 853 1315 918 816
1345 872 1616 916 currere
1647 864 1886 934 coepit.
1932 847 2079 909 Erit
2113 867 2279 930 ergo
2311 848 2669 911 secundum

1189 955 1741 1019 Sauclementium
1793 970 2106 1016 annorum
2155 950 2672 1014 combinatorum

1192 1056 1354 1122 ordo
1386 1075 1686 1138 sequens.

1310 1159 1395 1219 V.
1423 1158 1495 1219 C.
1527 1158 1651 1219 815
1683 1154 1789 1217 die
1819 1155 1989 1217 xm.
2022 1151 2258 1217 octob.
2288 1153 2507 1235 coepit
2548 1155 2674 1216 Ne·

1185 1260 1363 1322 ronis
1409 1280 1609 1319 annus
1656 1257 1801 1331 DL,
1871 1278 1989 1318 scu
2035 1253 2114 1318 Θ.
2170 1255 2491 1319 Curi-ebat
2540 1268 2672 1315 tum

1186 1361 1395 1424 adhuc
1423 1380 1624 1421 annus
1652 1378 1843 1420 aerae
1879 1355 1986 1420 IP.

1312 1460 1446 1524 Sub
1484 1460 1682 1522 finem
1719 1457 2013 1541 ejusdem
2045 1448 2285 1520 mensis
2320 1454 2539 1539 coepit
2568 1475 2672 1517 an·

1180 1586 1301 1628 nus
1349 1561 1751 1642 aeraeAIP.
1812 1562 1972 1622 Cum
2009 1559 2137 1622 hoc
2166 1579 2330 1642 ergo
2369 1556 2674 1622 currebat

1181 1688 1386 1731 annus
1420 1661 1704 1728 Neronis
1744 1660 1836 1739 Θ,
1892 1678 2085 1746 atque
2116 1663 2292 1725 idem
2327 1661 2528 1724 exivit
2564 1658 2670 1723 die

1178 1770 1354 1836 x111.
1378 1764 1685 1831 Octobris
1719 1765 1798 1829 U.
1836 1766 1907 1829 C.
1941 1765 2064 1826 816
2085 1810 2102 1841 ‚
2152 1777 2460 1827 currente
2494 1762 2676 1823 dein-

1181 1893 1337 1955 ceps
1410 1888 1575 1932 anno
1632 1869 1683 1932 1.
1736 1866 1976 1929 sociato
2042 1886 2190 1928 cum
2248 1884 2415 1927 anno
2476 1884 2670 1926 aerae

1187 1971 1368 2038 AIP.
1404 1989 1608 2056 usque
1648 1966 1729 2030 ad
1763 1968 2052 2050 ejusdem
2091 1967 2407 2031 Octobris
2438 1966 2669 2042 finem,

1181 2094 1312 2157 quo
1360 2072 1598 2135 deinde
1651 2068 1901 2131 initium
1949 2069 2173 2133 habuit
2225 2090 2426 2132 annus
2477 2087 2669 2129 aerae

1179 2173 1362 2251 BIP,
1435 2196 1579 2237 cum
1625 2194 1754 2257 quo
1795 2172 1962 2236 adeo
2015 2170 2340 2256 ἀναλοεγως
2381 2169 2673 2254 jungitur

1182 2298 1384 2340 annus
1417 2274 1699 2336 Neronis
1736 2276 1789 2336 1.

1309 2377 1457 2470 Quo
1505 2376 1662 2439 olim
1714 2389 2009 2457 tempore
2049 2371 2118 2433 in
2163 2392 2396 2434 numos
2447 2371 2675 2434 Antio-

1183 2481 1429 2543 chenos
1472 2476 1996 2553 commentabar,
2042 2474 2291 2559 eosque
2345 2494 2675 2538 commen-

1182 2582 1381 2643 tarios
1415 2601 1582 2642 anno
1620 2578 1779 2662 1786
1814 2580 1879 2640 in
1915 2581 2127 2641 lucem
2154 2577 2341 2653 dedi,
2379 2598 2518 2640 eam
2554 2575 2677 2636 ‹lif-

1177 2683 1533 2746 ficultatem
1564 2670 1695 2744 non
1728 2681 1931 2764 attigi,
1964 2700 2179 2764 neque
2214 2679 2536 2761 attingere
2564 2699 2678 2761 po-

1176 2785 1301 2861 tui,
1365 2785 1609 2869 quippe
1661 2783 1952 2847 nondum
2007 2798 2141 2844 tum
2185 2781 2343 2842 mibi
2407 2781 2673 2864 cognito

1179 2906 1379 2947 numo
1416 2884 1591 2951 AIP.
1636 2886 1724 2958 L,
1769 2905 1965 2968 quem
1999 2883 2239 2944 deinde
2275 2884 2339 2942 in
2377 2883 2675 2963 catalogo

1185 2987 1639 3067 d’Enneryano
1703 2984 1947 3065 reperi.
2032 2986 2202 3044 Eum
2270 2982 2542 3045 subinde
2611 2983 2678 3043 in

1179 3086 1309 3148 hoc
1350 3107 1553 3168 opere
1588 3086 1736 3149 loco
1774 3108 1897 3149 suo
1924 3085 2172 3149 inserui
2211 3085 2509 3169 quidem,
2559 3084 2678 3147 sed

1187 3186 1363 3270 quod
1403 3186 1549 3248 fieri
1590 3189 1935 3266 debuerat,
1996 3188 2336 3271 utriusque
2387 3188 2530 3249 anni
2568 3209 2677 3248 na-

1181 3303 1391 3352 turam
1427 3289 1826 3372 investigare
1863 3292 2162 3373 neglexi,
2221 3289 2396 3374 quod
2430 3308 2602 3350 nunc
2638 3310 2675 3350 a

1185 3392 1670 3456 Sanelementio
1706 3392 2117 3476 praestitum,
2164 3406 2236 3456 et
2272 3393 2357 3455 ita
2388 3390 2677 3475 quidem,

1182 3509 1256 3557 ut
1289 3495 1442 3572 satis
1467 3507 1702 3576 pateat,
1741 3516 1824 3557 ex
1854 3496 2087 3558 horum
2120 3516 2462 3556 numorum
2498 3512 2682 3575 prae·
2728 3513 2737 3522 ·

1185 3612 1379 3679 cepto
1423 3618 1615 3659 aerae
1653 3595 2100 3659 Antiochense
2132 3597 2386 3657 initium
2418 3595 2678 3679 longius

1183 3721 1330 3764 esse
1383 3695 1855 3778 differendumg
1908 3718 2251 3782 meamque
2305 3711 2370 3760 et
2402 3697 2676 3759 aliorum

1186 3802 1570 3864 sententiam
1616 3800 1873 3884 adfligi,
1935 3800 2047 3883 qui
2090 3799 2232 3882 ejus
2294 3800 2545 3861 initium
2608 3800 2677 3860 in

1188 3903 1645 3987 Septembrem
1724 3914 2162 3965 retraxerunt.
2252 3901 2387 3965 Sed
2472 3901 2675 3964 fuisse

1187 4005 1348 4067 mihi
1390 4005 1563 4066 istud
1605 4003 1926 4067 statuendi
1966 4025 2256 4081 causam,
2303 4018 2370 4066 et
2411 4002 2675 4088 quidem

1186 4130 1267 4171 ex
1307 4108 1411 4176 his
1448 4107 1604 4191 ipsis
1651 4108 1844 4171 etiam
1878 4106 2160 4168 Neronis
2206 4106 2419 4168 numis
2449 4107 2678 4169 Antio·

1187 4210 1445 4287 olienis,
1490 4209 1687 4274 modo
1722 4208 2150 4291 comprobare
2185 4208 2507 4272 instituam
2529 4253 2546 4283 ‚
2577 4197 2675 4270 'ex

1188 4335 1315 4399 quo
1353 4315 1649 4375 examine
1682 4312 1925 4395 patebit
1966 4310 2193 4386 etiam,
2242 4312 2295 4375 si
2344 4311 2455 4395 qui
2494 4309 2675 4371 numi

1187 4415 1623 4499 suffragantur
1635 4415 2138 4491 Sanclementio,
2152 4414 2471 4497 refragari
2491 4415 2670 4476 alios.

1172 4521 1460 4581 'Exstant
1492 4518 1620 4581 duo
1658 4516 2129 4606 tetradrachmp
2163 4518 2481 4593 Neronis,
2516 4538 2673 4600 quo-

1187 4643 1331 4683 rum
1365 4621 1616 4704 singula
1652 4620 1961 4681 exhibent
1997 4642 2230 4683 annum
2267 4642 2457 4684 aerae
2493 4618 2670 4693 HP..

1152 4737 1252 4786 ,nt
1300 4724 1365 4784 in
1413 4723 1648 4806 horum
1691 4743 1823 4783 uno
1873 4735 1972 4784 est
2017 4745 2219 4783 annus
2257 4723 2538 4784 Neronis
2581 4722 2670 4796 E,

1190 4826 1417 4908 (Noris
1459 4824 1692 4909 epoch.
1730 4826 1985 4906 Syn-om.
2030 4848 2092 4908 p.
2118 4826 2297 4909 489.)
2347 4825 2413 4885 in
2461 4825 2671 4887 altero

2337 558 3106 650 AD'DENDA

2788 765 2992 810 annus
3047 769 3114 821 ς’.
3186 742 3543 827 (Ρείἱοτίη,
3617 743 3911 827 Morelli.)
3977 748 4141 818 Miror,

2789 863 3132 931 utrumque
3168 848 3340 911 hunc
3378 869 3679 922 numum,
3728 860 3827 909 aut
3869 849 4047 910 saltem
4078 869 4143 911 eo·

2788 972 2931 1013 rum
2976 950 3264 1034 priorem
3313 950 3559 1033 fugisse
3598 949 3941 1012 industriam
3970 950 4144 1011 Sancle·

2790 1053 3034 1117 mentii.
3076 1050 3410 1119 Praeclari
3453 1053 3593 1134 ejus
3629 1053 3750 1117 viri
3781 1074 3941 1116 more
3970 1054 4145 1115 calculis

2792 1179 2929 1219 rem
2963 1177 3244 1239 agamus,
3290 1156 3524 1237 Coepit
3558 1177 3758 1217 annus
3791 1177 3956 1219 aerae
3980 1153 4084 1217 ΗΡ.
4105 1156 4144 1214 in

2795 1273 3097 1321 autumno
3131 1258 3207 1317 U.
3242 1257 3310 1317 C.
3343 1258 3464 1318 812
3485 1303 3503 1333 ‚
3547 1273 3612 1320 et
3644 1258 3888 1339 quidem
3915 1281 3983 1321 ex
4007 1271 4145 1319 mente

2796 1358 3262 1422 Sanclementii
3327 1358 3392 1418 in
3458 1357 3588 1421 fine
3650 1359 3950 1421 Octobris.
4005 1359 4145 1418 Annus

2788 1461 3069 1523 Neronis
3102 1461 3162 1522 E
3206 1458 3425 1542 coepit
3469 1456 3576 1520 die
3621 1456 3783 1521 xm.
3816 1460 4014 1526 Octob.
4040 1460 4144 1520 U.C.

2788 1564 2905 1626 8..
2947 1547 3237 1625 eximat
3281 1559 3514 1624 eodem
3558 1560 3666 1624 <ne
3705 1562 3783 1626 U.
3822 1563 3886 1626 c,
3913 1563 4026 1625 812.
4058 1558 4145 1653 Quo

2785 1665 2989 1747 igitur
3029 1676 3221 1748 pacto
3255 1683 3456 1725 annus
3488 1661 3547 1722 E
3588 1662 3818 1725 sociari
3857 1678 4030 1748 potest
4061 1683 4144 1724 cnm

2785 1788 2953 1829 anno
2982 1786 3173 1828 aerae
3199 1761 3379 1839 HP„
3411 1764 3519 1848 qui
3547 1785 3680 1826 non
3709 1764 3825 1825 nisi
3849 1789 3880 1825 a
3901 1764 4003 1826 fine
4022 1763 4143 1825 Octo·

2785 1868 2920 1928 bris
2955 1870 3034 1932 U.
3064 1869 3134 1929 C.
3173 1868 3318 1928 812.
3356 1863 3587 1931 fluxit?
3631 1869 3763 1928 Iam
3799 1867 3971 1949 igitur
4000 1884 4147 1946 suppo-
4219 1948 4220 1961 χ

2785 1991 3045 2044 namus,
3102 1988 3322 2030 aeram
3367 1968 3668 2050 coepisse
3717 1988 3920 2029 mense
3956 1967 4148 2049 Septem-

2780 2070 2917 2147 hri,
2965 2083 3075 2134 aut
3115 2083 3301 2132 certe
3352 2083 3499 2131 ante
3536 2067 3715 2131 diem
3748 2071 3900 2134 xm.
3923 2067 4146 2130 Octobris.

2783 2170 3235 2262 Qualicunque
3267 2192 3431 2253 ergo
3470 2170 3611 2252 ejus
3644 2170 3937 2252 temporis
3956 2167 4148 2231 diens.

2782 2276 2930 2337 812.
2963 2273 3182 2354 coepit
3214 2293 3415 2333 annus
3444 2269 3630 2348 HP„
3682 2287 3749 2335 et
3785 2293 3915 2335 cnm
3948 2270 4044 2331 boc
4065 2290 4148 2330 cur·

2785 2374 2972 2436 rebat
3005 2372 3214 2436 adhuc
3244 2395 3443 2435 annus
3472 2374 3762 2435 Neronis
3785 2374 3839 2435 E
3862 2384 4072 2455 coeptus
4091 2369 4149 2429 die

2785 2478 2957 2538 xm.
2989 2475 3229 2539 Octob.
3261 2478 3338 2539 U.
3371 2477 3439 2539 C.
3472 2478 3546 2538 8·
3569 2499 3621 2542 1.
3661 2475 3931 2538 exiturus
3958 2472 4149 2556 proximo

2790 2576 2897 2639 die
2931 2579 3101 2640 XIII.
3131 2577 3370 2642 Octob.
3407 2579 3565 2654 812,
3616 2598 3750 2661 quo
3794 2575 4003 2659 incepit
4032 2592 4150 2635 annus

2788 2679 3071 2741 Neronis
3102 2704 3166 2753 ς’.
3218 2679 3642 2772 Quapropter
3669 2694 3741 2741 ut
3769 2674 4151 2742 Sanclememiu

2791 2803 2871 2844 ex
2924 2780 3139 2842 numis
3200 2782 3330 2844 suis
3375 2781 3713 2865 probavit,
3784 2782 3999 2845 initium
4040 2795 4152 2841 aerae
4221 2803 4222 2818 ¹

2795 2883 3240 2947 Antiochense
3283 2904 3428 2945 esse
3477 2883 3936 2961 differendum,
3983 2883 4050 2944 ita
4083 2897 4153 2961 ego

2795 3006 2877 3047 ex
2911 2985 3113 3063 meis,
3156 3005 3306 3049 esse
3347 2986 3847 3069 anticipandum.

3158 3170 3236 3235 P.
3257 3172 3405 3236 300.
3440 3174 3566 3237 col.
3598 3191 3664 3235 ε.
3694 3175 3816 3240 lin.
3839 3175 3924 3238 15.

2905 3290 3072 3374 quin
3107 3303 3172 3352 et
3209 3291 3554 3355 Commodi
3592 3306 3664 3357 et
3700 3292 3941 3360 Severi.
3968 3281 4156 3373 (Isium

2799 3394 2878 3456 T.
2913 3394 3025 3461 IV.
3050 3414 3116 3476 p.
3148 3394 3285 3475 38.)

3142 3577 3219 3642 Ρ.
3255 3577 3403 3657 314.
3437 3581 3563 3643 col.
3592 3601 3645 3646 ι.
3678 3583 3801 3645 lin.
3833 3579 3927 3644 28.

2919 3698 3210 3760 Necesse
3255 3714 3386 3775 est,
3432 3720 3668 3764 verum
3701 3701 3887 3764 numi
3922 3694 4070 3778 hujus
4098 3701 4162 3752 sti·

2796 3812 2928 3862 tum
2987 3800 3240 3884 planius
3297 3802 3716 3880 describere,
3803 3802 3908 3887 qui
3948 3800 4160 3860 iterum·

2792 3923 2896 3966 me
2936 3902 3245 3966 adcurate
3279 3903 3613 3986 inspectus
3651 3905 3801 3969 talis
3833 3917 3955 3968 estz

2915 4046 3254 4071 ......
3298 4003 3507 4072 ΝΕΡ.
3567 4007 3811 4070 ΚΑῙΟ.
3867 4003 4040 4066 ΤΡΑ.
4071 4022 4162 4046 ···

2796 4107 3014 4188 Caput
3070 4108 3245 4169 laur.
3321 4106 3370 4167 Ξ
3429 4103 3977 4172 ΓΑΒΑΛΕΩΝ.
4024 4091 4162 4164 FNP·

2796 4211 3049 4271 Asulier
3094 4211 3396 4272 tutulata
3426 4215 3663 4274 sedens
3689 4215 3756 4276 d.
3794 4212 4014 4290 spicas,
4047 4199 4165 4265 ab*

2788 4324 2997 4387 stam,
3035 4333 3201 4392 prae
3238 4315 3380 4386 ejus
3404 4317 3686 4393 pedibus
3718 4315 3883 4376 IIIP.

2916 4413 3076 4496 Ejus
3115 4413 3361 4478 similes
3396 4414 3559 4477 duos
3591 4416 3756 4479 alios
3789 4415 3889 4477 bis
3909 4407 4084 4478 vex-bix
4106 4398 4168 4458 dt·

2788 4515 3015 4578 scribit
3073 4514 3292 4579 Abbas
3342 4517 3667 4596 Sestium,
3737 4519 4018 4600 (Lenem
4054 4510 4108 4568 T·
4126 4499 4166 4560 ἶ

2787 4640 2854 4701 p.
2877 4619 3174 4698 LXVII.)

2916 4718 3125 4785 NGP.
3238 4717 3480 4782 KAIC.
3591 4715 3965 4783 OEPAIAN.
4057 4701 4172 4770 CCB-

2789 4818 2846 4884 Γ
2855 4818 3074 4884 ΕΡΜ.
3141 4823 3356 4903 Caput
3398 4826 3568 4889 laur.
3628 4823 3677 4885 Ξ
3718 4819 3780 4885 Γ
3786 4798 4173 4886 ABAAGDN·
