4388 5576
1144 478 1634 587 HELENA
1718 477 2463 556 CONSTANTII
2539 479 2601 555 1.
3209 420 3214 427 ·
3316 497 3412 562 33

1595 667 1727 737 ΡΒ
1740 667 1800 729 Ε
1818 667 1924 730 T}
1941 668 2100 732 Vn.

911 786 1119 851 Aurei
1163 823 2569 852 ...............
2653 778 2802 848 RB.

906 858 1230 972 Argeum}
1271 927 1932 953 .......
1936 912 1949 925 ·
2017 927 2468 954 .....
2493 974 2498 979 Ι
2554 923 2575 944 .
2658 882 2741 943 R·

904 990 1118 1053 Aenei
1143 1009 1317 1054 max.
1353 985 1530 1053 mod.
1579 1010 1615 1055 .·
1689 1028 2568 1055 .........
2650 984 2859 1049 mm.

903 1089 1119 1153 Aenei
1149 1093 1200 1157 1.
1226 1091 1482 1153 formae
1592 1132 2582 1159 ..........
2668 1086 2756 1153 Ο.

907 1193 1123 1273 Δροσί
1149 1193 1231 1259 11.
1265 1207 1332 1256 et
1362 1195 1472 1257 111.
1518 1192 1774 1257 formae
1904 1233 2577 1259 .......
2664 1191 2742 1255 C.

907 1293 1335 1359 Alexandrini
1911 1310 2572 1365 ........
2655 1288 2901 1354 RRRR

1477 1337 1856 1378 00000

1572 1612 2156 1681 HELENA

1397 1812 1757 1872 Constantii
1799 1811 2011 1873 Chlori
2050 1829 2221 1871 uxor
2259 1809 2314 1869 1.

454 2003 543 2071 Fl.
600 2005 758 2070 Iulia
808 2003 1100 2083 Helena,
1174 2017 1247 2068 ut
1305 2026 1449 2069 eam
1515 2006 1803 2090 appellat
1917 2004 2106 2068 senio
2156 2002 2425 2067 taudem
2469 1999 2770 2064 confecta
2830 1996 2996 2061 obiit
3051 1952 3412 2062 secundum

341 2128 596 2172 marmor
651 2106 926 2170 Gruteri
958 2108 1055 2190 ⁸),
1132 2129 1168 2169 a
1241 2109 1578 2172 nonnullis
1658 2108 1799 2190 ejus

337 2212 466 2276 aevi
492 2208 914 2296 scriptoribus
950 2230 1082 2275 non
1131 2209 1331 2272 modo
1379 2211 1496 2275 vili
1546 2231 1798 2294 genere

337 2326 492 2387 orta,
527 2314 638 2376 sed
668 2330 890 2396 neque
927 2311 1223 2394 legitima
1251 2314 1454 2376 fuisse
1485 2314 1798 2376 Constan-

329 2415 400 2476 tii
442 2438 597 2480 uxor
639 2414 1075 2501 perhibetur,
1138 2437 1172 2477 a
1221 2438 1345 2500 qua
1386 2431 1603 2479 tamen
1651 2435 1795 2477 eam

324 2505 698 2582 contumelia
727 2528 1000 2601 praeter
1028 2518 1194 2580 alios
1228 2519 1573 2580 Tristauus
1597 2562 1612 2593 ‚
1661 2516 1797 2578 'ril-

320 2618 685 2697 lemoutius,
732 2620 1118 2690 etValesius
1148 2616 1213 2705 ¹²)
1243 2622 1429 2704 justis
1450 2639 1797 2703 argumen-

320 2723 397 2784 tis
434 2723 773 2786 vindicant.
877 2725 1169 2787 Evectus
1228 2725 1308 2787 ad
1354 2723 1651 2790 Caesaris
1701 2721 1796 2781 di-

318 2826 610 2908 gnitatem
655 2824 932 2887 ‘maritus
963 2829 1041 2896 V.
1088 2830 1161 2890 C.
1203 2831 1362 2902 1045
1422 2829 1493 2887 P.
1536 2828 1616 2886 X.
1668 2843 1789 2903 292
1858 2838 1899 2872 -’

316 2928 584 2992 laetitiae
638 2926 959 3010 primum,
1020 2947 1176 2989 mox
1227 2928 1474 3011 grande
1539 2926 1790 2988 doloris

1919 2105 2419 2171 Tillemoutium
2481 2104 2563 2173 V.
2627 2106 2700 2168 C.
2768 2101 2919 2163 1081
2993 2099 3070 2162 P.
3116 2100 3198 2160 X.
3259 2098 3408 2161 328.

1910 2193 2019 2273 De
2066 2209 2207 2291 ejus
2260 2205 2645 2283 virtutibus,
2705 2203 2969 2268 adfectu
3021 2200 3088 2261 in
3141 2199 3411 2285 religio-

1913 2332 2068 2376 nem
2130 2309 2597 2385 Christianam,
2656 2304 3190 2391 peregrinatione
3249 2301 3412 2364 Hie·

1913 2413 2381 2496 rosolymitaua
2427 2413 2630 2475 multa
2689 2409 3017 2492 scripsere
3077 2404 3407 2471 Eusebius

1912 2518 1981 2579 in
2015 2516 2144 2581 vita
2183 2514 2593 2580 Constantini
2631 2517 2757 2588 M„
2802 2512 3258 2594 Nicephorus‚
3289 2508 3406 2569 So-

1912 2605 2269 2695 zomenus,
2318 2596 2820 2692 Theodoretus‚
2864 2615 3116 2691 Suidas,
3162 2614 3408 2677 Cedre-

1910 2746 2032 2787 nus
2056 2768 2072 2801 ,
2099 2703 2383 2805 ‘aliique
2935 2801 2940 2806 Ι

2032 2827 2302 2890 Liberi:
2376 2827 2634 2887 Horum
2707 2842 2874 2883 unus
2931 2825 3402 2895 Constantinus,

1906 2929 2184 2993 subinde
2229 2930 2558 3011 Augustus
2588 2923 2911 3006 cognitus.

319 3049 388 3093 ae
438 3029 782 3113 patientiae
860 3016 1317 3112 argumentum
1393 3029 1586 3093 uxori
1644 3026 1789 3102 fuit,
1899 3109 1905 3115 .

312 3131 458 3194 dum
515 3131 577 3194 is.
628 3151 772 3192 eam
832 3130 1232 3194 Diocletiani
1294 3146 1362 3195 et
1417 3131 1790 3193 Maximiani

307 3233 512 3317 Augg.
545 3234 728 3315 jussu
761 3231 1115 3312 repudiare
1152 3248 1547 3317 cogeretur,
1591 3247 1665 3294 ut
1695 3232 1789 3295 lo·

304 3355 447 3399 eum
486 3336 738 3398 faceret
775 3335 1173 3398 Theodorae
1211 3323 1587 3399 Maximiani
1619 3338 1790 3397 Her-

298 3437 457 3502 culii
514 3438 879 3520 privignae.
996 3438 1292 3500 Subinde
1346 3462 1382 3501 a
1430 3438 1569 3500 filio
1618 3441 1786 3501 Con-

292 3538 582 3604 stantino
610 3559 833 3601 rerum
868 3542 1076 3624 potito
1113 3542 1381 3603 summis
1421 3540 1785 3603 honoribus

289 3642 589 3718 adfecta,
631 3643 959 3724 Augustae
999 3643 1194 3707 etiam
1235 3645 1428 3707 titulo
1462 3658 1688 3706 oruata
1722 3648 1781 3728 θ)

2507 3154 2795 3218 Numi:

1918 3367 1927 3372 ·
2032 3315 2167 3428 Quii
2197 3335 2379 3398 numi
2410 3336 2865 3401 verisimiliter
2909 3334 3060 3396 huic
3099 3334 3399 3400 Helenae

1903 3440 2031 3501 sint
2061 3438 2402 3499 tribuendi
2450 3439 2630 3517 (nam
2667 3435 2939 3499 difficile
2972 3450 3072 3498 est
3101 3438 3166 3498 iu
3199 3441 3400 3504 Hele.

1901 3563 2132 3603 narum
2187 3552 2450 3602 moneta
2495 3551 2563 3600 et
2613 3539 2941 3602 lubricum
2986 3538 3398 3628 discrimen),

1900 3645 2312 3727 inquiremus
2343 3643 2411 3704 in
2448 3641 2706 3705 Helena
2734 3641 2837 3705 Fl.
2881 3640 3138 3708 Iuliani.

1083 3962 1227 4023 FL.
1317 3963 1961 4024 MAXIMJANA
2048 3962 2259 4022 THE
2284 3962 2411 4022 OD
2435 3961 2642 4021 ORA

1371 4163 1733 4224 Constantii
1775 4163 1989 4224 Chlori
2029 4180 2202 4222 uxor
2239 4159 2331 4220 ΙΙ.

408 4351 507 4416 Ei
567 4366 773 4418 mater
828 4354 1097 4421 Galeria
1137 4356 1407 4428 Valeria
1467 4357 1791 4439 Eutropia
1905 4359 2210 4432 nomine,
2269 4375 2440 4440 quae
2492 4357 2630 4420 hoc
2656 4357 2967 4420 defuncto
3012 4361 3232 4443 nupsit
3261 4366 3397 4425 Maf-

291 4478 375 4524 ex
432 4452 664 4540 priore
722 4459 1182 4538 matrimonio,
1261 4461 1494 4544 ignoto
1570 4460 1792 4523 mariti
1905 4461 2191 4524 ximiano
2241 4460 2600 4539 Herculio,
2659 4462 2929 4544 ejusque
2991 4462 3216 4525 domui
3264 4466 3398 4545 pri·

357 4695 417 4766 a)
458 4692 593 4765 Pag.
633 4698 758 4754 234.
799 4706 850 4750 ι.
988 4691 1066 4766 h)
1102 4694 1168 4751 B.
1207 4692 1273 4749 1..
1311 4694 1381 4751 Τ.
1423 4693 1494 4754 11.
1535 4713 1596 4771 p-
1637 4703 1767 4759 557.

288 4781 423 4845 ville
460 4779 663 4838 Sicula
701 4802 761 4858 p.
799 4784 931 4846 602.

484 4875 662 4954 (rot.
703 4876 915 4955 Vm.)

1896 4699 1957 4771 c)
1999 4693 2158 4757 Vide
2199 4696 2552 4765 Gruterum,
2591 4695 3018 4770 Muratorium,
3056 4699 3194 4758 item
3231 4699 3420 4760 D'or·.

2927 4883 2991 4945 E
3065 4835 3072 4838 „
