4388 5576
941 489 1084 573 ω’
1911 467 2846 548 CONSTANTINVS
2922 472 3022 564 Μ.

944 670 1057 756 qui
1097 687 1247 730 enm
1295 661 1462 726 votis
1503 658 1584 744 ad
1633 673 1840 740 usque
1887 656 2060 718 astra
2108 655 2433 732 extulere,

941 774 1118 838 haud
1195 767 1468 830 multum
1546 760 1916 822 abfuturum
2000 756 2205 820 fuisse
2283 756 2433 820 dec.

948 877 1114 938 Cum
1176 867 1582 950 supplicium·
1633 862 1715 923 de
1778 863 2011 944 Crispo
2078 857 2434 943 praestanti

942 977 1192 1040 virtute
1246 971 1417 1043 iilio,
1476 981 1543 1029 et
1594 983 1801 1027 uxore
1855 964 2089 1025 Fausta
2137 961 2432 1044 sumpsit,

946 1080 1073 1142 etsi
1101 1075 1333 1137 saltem
1363 1072 1427 1131 in
1464 1070 1582 1131 bac
1616 1089 1696 1129 ex
1731 1066 2004 1141 merito,
2048 1077 2263 1126 tamen
2298 1065 2433 1127 sive

945 1176 1391 1247 crudelitatis,
1437 1172 1574 1235 sive
1615 1168 1986 1253 praecipitis
2024 1166 2280 1229 consilii
2323 1186 2438 1227 no·

945 1296 1078 1343 tam
1128 1278 1272 1360 jure
1325 1274 1624 1348 abstulit,
1693 1271 2099 1352 multumque
2156 1269 2437 1332 inferior

946 1387 1040 1446 M.
1094 1379 1369 1442 Aurelio
1420 1388 1521 1438 est
1573 1373 1861 1446 habitus,
1922 1372 2035 1455 qui
2086 1369 2293 1432 filium
2356 1368 2437 1432 ad

952 1485 1209 1549 seelera
1241 1481 1637 1566 proclivem,
1700 1487 1767 1537 et
1810 1473 2085 1556 perditis
2148 1471 2442 1535 moribus

951 1587 1226 1650 uxorem
1284 1582 1450 1643 tulit.
1539 1577 1733 1671 Quod
1795 1576 2044 1637 relictis
2112 1576 2294 1638 avitis
2347 1597 2444 1637 sa·

948 1691 1080 1752 cris
1131 1685 1492 1748 Christiana
1545 1683 1750 1763 palam
1806 1677 2143 1761 amplexus
2196 1691 2329 1752 est,
2375 1689 2446 1739 ut

946 1787 1431 1852 intolerandum
1479 1765 1651 1843 istud
1711 1781 1916 1844 visum
1966 1794 2149 1844 vetus
2196 1779 2445 1840 institu-

948 1902 1091 1953 tum
1139 1888 1490 1974 professis,
1535 1884 1630 1945 sic
1687 1882 1986 1945 omnibus
2043 1881 2356 1943 encomiis
2402 1902 2442 1943 a

951 1992 1359 2056 Christianae
1407 1985 1565 2048 fidei
1599 1983 1958 2046 cultoribus
1997 1981 2119 2042 fuit
2156 1981 2446 2043 celebra·

870 2153 884 2162 ,
949 2107 1122 2167 tum,
1199 2091 1316 2153 sed
1384 2085 1538 2172 quas
1607 2084 1832 2147 laudes
1898 2083 2232 2165 corrupit,
2296 2103 2443 2143 cum

949 2185 1304 2278 postremis
1367 2188 1629 2270 imperii
1684 2186 1864 2247 annis
1930 2183 2318 2266 theologum
2372 2204 2451 2246 se·

951 2295 1195 2375 magis,
1242 2312 1432 2373 quam
1485 2291 1948 2372 imperatorem
2005 2286 2287 2348 ferendo
2339 2306 2449 2349 ex-

950 2395 1230 2459 cessisse
1268 2390 1528 2452 modum
1567 2389 1931 2465 videretur,
1978 2402 2289 2476 atquekex
2325 2387 2444 2450 bac

951 2494 1376 2558 contentione
1420 2492 1591 2554 istud
1644 2490 1975 2552 obtineret
2016 2489 2330 2572 denique,
2374 2501 2448 2551 ut

951 2599 1021 2658 in
1091 2593 1380 2670 celebri,
1454 2612 1618 2677 quae
1687 2606 1820 2653 tum
1896 2591 2288 2672 agitabatur,
2361 2592 2444 2660 <ie

953 2697 1199 2760 Christi
1256 2696 1590 2759 divinitate
1631 2696 2098 2757 ,controversia
2149 2695 2277 2777 jam
2328 2695 2448 2755 Ca-

948 2799 1379 2879 tbolicorum,
1424 2796 1549 2877 jam
1604 2797 1995 2859 Arianorum
2046 2810 2265 2878 partes
2313 2815 2445 2854 am-

877 2917 888 2923 ’
955 2903 1187 2982 plexus
1212 2900 1462 2963 neutris
1490 2898 1643 2960 satis
1675 2898 1946 2971 faceret,
1978 2897 2253 2959 multum
2277 2896 2442 2959 adeo

952 3002 1283 3063 dissimilis
1338 3000 1463 3064 sibi
1516 2998 1806 3075 habitus,
1882 3000 1994 3083 qui
2049 3020 2179 3060 non
2236 2999 2441 3061 multo

950 3090 1110 3167 ante¹
1139 3102 1303 3166 datis
1352 3102 1599 3166 severis
1637 3100 1846 3164 literis
1895 3101 2143 3164 hortari
2193 3099 2446 3183 episco-

947 3228 1071 3289 pos
1111 3225 1384 3270 necesse
1435 3204 1645 3278 duxit,
1692 3218 1761 3264 ut
1792 3202 2024 3285 (verba
2054 3216 2203 3265 sunt
2239 3204 2443 3286 ipsius

950 3307 1386 3385 Constantini)
1463 3309 1541 3370 ab
1597 3305 1892 3366 inanibus
1947 3303 2016 3364 id
2081 3320 2290 3387 genus
2350 3307 2445 3366 in·

950 3411 1250 3493 eptisque
1316 3407 1837 3493 quaestionibus,
1898 3425 2063 3490 quae
2115 3407 2442 3488 puerilem

951 3513 1156 3596 magis
1217 3510 1566 3586 inscitiam,
1638 3499 2297 3593 quam-sacerdotum
2351 3530 2449 3571 sa·

948 3636 1094 3676 nam
1151 3629 1438 3678 mentem
1493 3612 1783 3694 sapiunt,
1845 3604 2062 3694 neq'ue
2111 3610 2188 3672 ad
2246 3611 2445 3672 totius

947 3717 1289 3799 religionis
1340 3735 1655 3776 summam
1708 3700 2112 3795 pertineant,
2157 3710 2443 3795 aliquan·

949 3819 1034 3878 do
1092 3836 1237 3877 sese
1289 3816 1694 3877 abstinerent
1726 3813 1940 3892 ⁸).·At
1991 3812 2443 3893 gravissimum

949 3917 1353 3999 reipublicae
1402 3916 1632 3978 vulnus
1675 3911 1942 3985 inflixit,
1986 3933 2105 3974 seu
2145 3932 2292 3976 cum
2330 3935 2446 3976 no·

947 4041 1088 4083 ram
1129 4018 1210 4081 ad
1257 4016 1728 4098 Propontidem
1777 4015 2052 4075 Romam
2104 4018 2443 4093 exstruxit,

950 4121 1033 4184 de
1078 4141 1205 4205 quo
1248 4131 1480 4200 agetur
1528 4112 1856 4198 copiosius
1897 4131 2047 4199 post
2082 4119 2446 4182 Constanti-

952 4226 1018 4284 ni
1064 4236 1385 4305 monetam
1438 4217 1517 4278 ad
1568 4239 1799 4281 numos
1846 4217 2196 4300 inscriptos
2242 4220 2451 4286 CON-

956 4320 1707 4396 s'rAN'rtNOPOLlS,
1767 4340 1881 4384 seu
1935 4321 2107 4405 quod
2157 4343 2291 4382 non·
2340 4323 2450 4385 ab-

843 4488 856 4495 ,
956 4427 1254 4491 sterritus
1299 4423 1676 4487 recentibus
1730 4426 2049 4505 exemplis
2098 4424 2446 4508 imperium

958 4533 1131 4592 inter
1171 4544 1307 4602 tres
1351 4525 1527 4589 filios
1573 4525 1865 4611 duosque
1909 4542 2184 4610 nepotes
2232 4527 2450 4590 dit-isit

2547 653 2822 721 totidem
2867 655 3124 720 futuros
3169 657 3497 734 aemulos,
3560 667 3628 720 et
3670 656 4048 741 litigatores

2548 761 2615 823 in
2660 774 2944 822 mutuam
2988 760 3242 823 ruinam
3285 755 3593 824 intentos.

2674 862 2869 930 onr,
2892 864 2941 924 1.
2991 868 3391 946 Miner-oinct,
3434 883 3622 946 quam
3656 859 3855 945 aliqui
3886 880 4044 924 con·

2514 962 2884 1040 ‘cubinam,
2918 963 3059 1026 ‘non
3102 979 3375 1027 uxorem
3421 963 3778 1046 legitimam
3815 983 4049 1025 censu·

2550 1087 2692 1134 ere.
2750 1067 2903 1129 Fuit
2937 1079 3144 1130 mater
3172 1066 3387 1149 Crispi
3417 1065 3734 1130 Caesaris.
3797 1065 3895 1127 Ea
3929 1086 4046 1127 nu·

2551 1170 2673 1232 mis
2719 1183 2919 1232 caret.

2676 1274 2862 1342 onr
2898 1272 2976 1334 11.
3038 1275 3284 1360 Fausta
3322 1268 3694 1352 Maximiani
3736 1267 4048 1332 Herculii

2550 1374 2706 1451 filia.
2779 1375 2881 1435 De
2927 1372 3154 1435 liberis
3199 1395 3283 1438 ex
3327 1394 3405 1439 ea
3447 1372 3765 1456 susceptis
3808 1384 4051 1455 agetur

2555 1477 2621 1538 in
2668 1476 2809 1560 ejus
2856 1477 3092 1542 numis.

2991 1684 3277 1744 NVMI
3349 1635 3631 1744 VAGJ’
3983 1717 4035 1775 5

2557 1785 2642 1845 ab
2684 1802 2856 1846 anno
2905 1785 2978 1846 V.
3026 1784 3095 1847 C.
3123 1790 3282 1844 1061
3328 1786 3417 1872 Pi
3445 1786 3526 1844 Χ.
3554 1788 3681 1844 308
3724 1781 3818 1842 ad
3860 1780 3934 1843 V.
3981 1781 4049 1838 C.

3003 1891 3167 1948 1090
3213 1885 3287 1946 P.
3330 1885 3412 1944 Χ.
3457 1889 3601 1945 337.
3688 1921 3690 1923 v

2692 2084 3084 2170 Opportune
3120 2084 3247 2148 boc
3286 2083 3437 2147 loco
3479 2076 4055 2146 commemoranda

2562 2188 2804 2271 aliqua,
2850 2208 3015 2271 quae
3054 2188 3416 2271 generatim
3458 2188 3537 2249 ad
3583 2183 4052 2247 nonnullorum

2561 2309 2939 2362 numm-um,
2996 2310 3161 2373 quos
3223 2289 3331 2351 hic
3391 2289 3704 2352 articulus
3762 2283 4057 2366 eomple-

2560 2392 2792 2464 ctitur,
2837 2404 3111 2452 aetatem
3156 2406 3430 2476 possunt
3473 2393 3830 2473 pertinere.
3878 2435 3881 2438 1

2684 2496 2731 2555 1.
2777 2495 3034 2560 Horum
3078 2494 3330 2576 aliquos
3378 2493 3734 2557 verisimile
3779 2487 4054 2568 estjam

2558 2614 2727 2656 anno
2792 2582 2890 2662 v‚⁶
2940 2599 3013 2659 C.
3084 2596 3235 2660 tobi
3301 2596 3378 2660 P.
3438 2594 3702 2661 11:308
3761 2592 4052 2673 signatos

2557 2692 2807 2778 fuisse,
2874 2709 3003 2780 quo
3064 2716 3232 2758 anno
3294 2719 3329 2759 a
3392 2697 3784 2764 Maximiano
3843 2698 4051 2756 Herc.

2560 2795 2807 2859 dictum
2866 2819 3011 2862 esse
3038 2802 3416 2880 *Augustum
3474 2810 3742 2863 constat.
3826 2794 4057 2862 Valuit

2520 2897 2760 2981 ,igitur
2797 2901 3073 2983 Augusti
3116 2902 3340 2962 titulus
3371 2900 3495 2983 jam
3548 2914 3684 2962 tum
3736 2918 3868 2960 non
3913 2918 4061 2964 mo—

2560 2998 2647 3062 do
2695 3002 2758 3061 in
2816 3002 3168 3085 provinciis
3219 3002 3655 3073 Constantini,
3715 3001 3832 3064 sed
3874 2998 4097 3091 haud-

2560 3101 2758 3166 dubie
2810 3105 3003 3171 etiam
3057 3104 3403 3179 Maxentii,
3467 3122 3706 3185 nempe
3750 3103 3933 3166 ltalia
3985 3114 4059 3164 et

2556 3198 2801 3269 Africa.
2889 3207 3137 3275 Verum
3177 3205 3247 3267 hi
3277 3206 3455 3268 numi
3487 3226 3616 3268 non
3664 3205 4061 3289 dignoscun-

2558 3318 2685 3369 tur.

2686 3410 2767 3473 11.
2812 3407 3148 3473 Creditum
3192 3409 3561 3482 nonnullis,
3607 3410 4059 3473 numos‘Con-

2560 3511 2853 3586 stantini,
2936 3502 3059 3595 ‘qui
3133 3512 3390 3587 Iovem,
3468 3513 3863 3587 Herculem,
3944 3522 4066 3575 aut

2560 3612 2684 3674 alia
2731 3613 3214 3696 superstitionis
3271 3628 3654 3698 argumenta
3706 3625 4064 3690 ostentant,
4104 3624 4121 3639 ‘

2559 3711 2748 3775 feriri
2799 3715 3149 3792 desivisse,
3195 3737 3279 3779 ex
3326 3737 3456 3802 quo
3502 3721 3555 3777 is
3595 3702 4061 3779 christicolam

2561 3835 2707 3877 sese
2741 3815 3077 3899 professus
3112 3830 3240 3894 est,
3289 3818 3463 3902 quod
3496 3817 3735 3880 factum
3769 3818 4061 3879 diximu-

2559 3938 2727 3981 anno
2786 3920 2862 3981 P.
2922 3919 3002 3983 X.
3060 3918 3210 3982 311.
3298 3920 3432 3980 Sed
3489 3921 3661 3982 enim
3722 3919 3789 3980 in
3850 3937 4066 3982 numo

2560 4041 2753 4103 supra
2812 4022 3152 4102 proposito
3212 4023 3585 4084 consulatus
3639 4021 3791 4097 1V.‚
3852 4040 4060 4104 quem

2558 4122 2746 4186 inivit
2780 4122 2854 4182 P.
2896 4123 2973 4183 X.
3009 4121 3172 4198 315,
3214 4123 3426 4187 adbuc
3466 4128 3593 4189 Sol
3631 4127 3908 4187 invictus
3953 4145 4068 4188 co-

2560 4247 2693 4288 mes
2754 4226 3174 4307 proponitur,
3246 4238 3316 4288 et
3378 4226 3607 4288 eadem
3670 4224 3904 4287 deliria
3962 4226 4069 4290 le·

2565 4348 2674 4409 gas
2730 4328 2926 4389 etiam
2985 4327 3050 4387 in
3103 4327 3313 4390 numia
3367 4327 3582 4409 Crispi
3633 4342 3701 4390 et
3746 4327 4069 4391 Constan-

2564 4429 2680 4489 tini
2750 4429 3073 4506 filiorum,
3154 4430 3262 4513 qui
3323 4442 3470 4492 ante
3538 4416 3776 4505 annum
3836 4432 3911 4490 P.
3974 4430 4066 4493 X.

2565 4531 2722 4610 327,
2777 4551 2907 4614 quo
2956 4532 3270 4596 Caesares
3313 4528 3523 4597 c'reati
3566 4544 3750 4609 sunt,
3812 4534 4067 4617 signari

1037 4750 1099 4812 a)
1140 4740 1353 4798 Enseb.
1396 4740 1452 4796 in
1494 4739 1626 4797 Vita
1670 4742 1868 4797 const.
1911 4738 1970 4794 L.
2016 4739 2084 4797 11.
2125 4759 2254 4815 cap.
2291 4742 2365 4803 6't
2399 4771 2470 4784 -
2508 4743 2595 4816 69.
