4388 5576
1010 468 1155 547 294
2046 398 3042 559 PsssvboMONE'rA.

1006 637 1133 713 vit,
1199 652 1330 720 quo
1403 645 1699 714 tempore
1774 629 2124 714 imperavit
2196 632 2332 696 Pla.
2377 633 2498 699 Va·
2612 631 2919 714 Denique
2956 632 3010 692 si
3062 650 3325 691 numum
3361 598 3542 693 inune
3589 632 3750 702 velis
3784 650 3933 698 eum
3977 636 4107 700 fra·

1004 735 1434 803 lentinianuS.
1502 733 1695 816 cujus
1774 745 1965 813 caput
2039 733 2248 795 altera
2316 735 2497 794 numi
2613 731 2818 794 tribus
2877 732 3225 809 conferre,
3294 732 3547 798 videbis
3608 735 3844 813 facile,
3920 737 4104 803 hello
4203 786 4208 791 .

1002 840 1236 922 pagina
1284 836 1500 899 ofl'ert.
1586 834 1688 897 Ab
1735 833 1864 896 hoc
1924 854 2086 919 ergo
2147 834 2495 917 imperato·

863 982 880 998 .
999 959 1080 1001 re
1123 939 1301 1020 ajunt
1343 938 1729 1022 permissum
1785 935 1989 998 fuisse
2021 934 2361 998 Bonifacio
2406 936 2492 999 ob

999 1062 1111 1103 res
1150 1059 1363 1120 nuper
1411 1052 1530 1122 pro
1566 1038 1847 1121 imperio
1899 1041 2237 1123 praeclare
2280 1052 2493 1121 gestas

999 1140 1498 1230 triumphum-in
1540 1141 1665 1202 hoc
1701 1160 1899 1201 numo
1941 1160 2341 1223 expressum.
2408 1143 2494 1203 At
2535 1181 2544 1189 ·

941 1241 947 1260 ²
993 1260 1161 1305 *vero
1215 1243 1280 1301 in
1323 1243 1512 1303 ’aliam
1565 1262 1669 1303 me
1712 1243 2097 1305 sententiam
2145 1242 2493 1327 impellunt

995 1345 1286 1407 rationes
1332 1328 1595 1423 graves.
1680 1347 1778 1407 Ac
1849 1343 2128 1428 primum
2200 1343 2486 1428 quidem,

970 1445 1248 1529 *nullum
1302 1444 1615 1505 habemus
1668 1448 2038 1528 exemplum
2087 1445 2243 1508 facti
2291 1443 2489 1505 alicu·-

995 1545 1098 1631 jus
1133 1538 1486 1628 praeclar&
1534 1546 1803 1630 ejusque
1841 1546 2191 1628 synchroni
2226 1547 2291 1606 in
2319 1547 2487 1633 banc

989 1668 1343 1711 numerum
1377 1650 1654 1713 classem
1695 1647 1896 1723 illati,
1948 1649 2139 1732 quale
2172 1662 2347 1710 esset
2376 1648 2490 1712 tri·

989 1751 1272 1833 umphus
1310 1752 1449 1814 viro
1487 1750 1569 1811 de
1608 1771 1751 1832 rep.
1801 1750 2073 1831 egregie
2121 1751 2485 1835 promerito

992 1870 1384 1933 concessus3
1432 1851 1667 1914 deinde
1698 1873 1774 1912 an
1810 1851 2078 1933 dignum
2114 1853 2487 1913 fuissetBo-

988 1953 1210 2016 nifacii
1259 1956 1497 2020 virtute
1551 1954 1949 2035 praemium,
2012 1953 2113 2015 rei
2143 1953 2482 2037 praeclare

987 2071 1216 2139 gestae
1269 2056 1652 2117 memoriam
1703 2056 2081 2117 monetariis
2130 2055 2232 2116 his
2277 2055 2483 2118 sordi·

988 2157 1118 2220 hus
1174 2157 1637 2220 committere?
1722 2159 1920 2242 Atqui
1982 2158 2216 2241 mirum
2283 2158 2478 2218 etiam

985 2259 1319 2332 videatur,
1384 2259 1606 2345 virum„
1655 2280 1861 2341 usque
1933 2259 2098 2321 adeo
2168 2256 2479 2334 nobilem,

988 2374 1057 2422 et
1077 2361 1273 2443 primi
1294 2375 1424 2420 tum
1451 2360 1628 2421 inter
1652 2382 1967 2443 proceres
1988 2359 2325 2437 subsellii,
2372 2361 2480 2422 cui

984 2465 1248 2526 nomina
1278 2480 1432 2523 sane
1467 2462 1590 2524 aiia
1626 2483 1700 2525 ae
1745 2464 1918 2524 tituli
1965 2463 2311 2525 honorifici
2346 2481 2479 2523 non

985 2565 1294 2641 defuere,
1341 2564 1639 2645 simplice
1656 2565 1918 2625 nomine
1946 2564 2474 2631 BONIFACIVS

982 2666 1229 2743 notari,
1274 2666 1457 2728 nullo
1500 2666 1631 2727 alio
1671 2666 1997 2747 dignitatis
2037 2667 2257 2728 addito
2289 2685 2478 2748 argu·

982 2783 1245 2846 mento,
1304 2786 1586 2853 eumque
1634 2767 1895 2851 publice
1944 2769 2036 2830 sic
2101 2767 2474 2843 memorari,

982 2885 1056 2934 ut
1114 2873 1426 2953 scriptum
1489 2873 1554 2931 in
1600 2871 1833 2932 iisdem
1907 2872 2118 2931 numia
2194 2856 2474 2950 legimus

980 2975 1446 3047 EYTIMIVS,
1494 2968 1987 3049 STEFANVS‚
2052 2973 2472 3040 OLIMPIVS

982 3091 1110 3143 etc.
1147 3078 1255 3161 qui
1294 3097 1378 3140 ex
1423 3074 1606 3136 faece
1656 3075 1992 3137 hominum
2035 3065 2263 3150 fuere,
2308 3073 2475 3136 auri·

982 3203 1140 3265 gae,
1187 3179 1486 3263 pugiles,
1531 3177 1816 3239 bestiarii
1840 3192 1962 3239 etc.
2009 3181 2246 3239 Nonne
2277 3197 2471 3258 supra

979 3283 1262 3347 vidimus
1296 3281 1359 3341 in
1393 3281 1510 3342 hac
1531 3280 1665 3362 ipsa
1698 3302 2039 3354 numorum
2063 3279 2304 3352 classe,
2348 3278 2471 3339 Pe-

977 3386 1262 3448 tronium
1280 3384 1626 3445 Maximum
1646 3383 1981 3446 Bonifaoio
2001 3369 2314 3444 coaevum
2336 3400 2468 3441 non

974 3489 1179 3553 modo
1211 3486 1342 3548 dici
1374 3486 1605 3550 Virum
1635 3487 2115 3560 Clarissimum,
2161 3494 2229 3544 et
2262 3481 2468 3545 CON-

975 3593 1192 3654 Sulem
1214 3633 1231 3663 ‚
1277 3586 1393 3650 sed
1427 3603 1494 3650 et
1510 3588 1836 3650 consulari
1869 3587 2089 3647 habitu
2125 3583 2466 3646 sedentem

971 3690 1305 3775 proponi?
1350 3690 1602 3753 Eodem
1649 3688 1844 3750 modo
1876 3686 2066 3749 facile
2105 3687 2355 3763 fuerat,
2402 3696 2471 3747 et

973 3815 1057 3858 ex
1095 3793 1423 3856 communi
1453 3792 1589 3874 ejus
1612 3793 1963 3873 praecipue
1998 3777 2226 3849 aetatis
2260 3807 2499 3876 more,-

969 3895 1298 3957 illustrem
1334 3894 1508 3954 hunc
1537 3891 1944 3953 Bonifacium
1980 3888 2199 3951 addito
2245 3888 2463 3971 aliquo

942 3992 1463 4058 ‘honoris'titulo
1499 4012 1819 4054 exornare
1842 4038 1858 4068 ‚
1904 3991 2080 4074 quod
2112 4005 2172 4050 et
2193 3990 2464 4073 praesti·

928 4098 1051 4176 ,tit
1080 4096 1241 4179 lapis
1273 4095 1619 4159 Africanus
1655 4091 1865 4164 editus
1900 4115 1936 4155 a
1963 4092 2272 4177 Scipione
2301 4094 2462 4156 Maf-

965 4198 1103 4263 feio
1138 4201 1196 4283 ΙΙ)
1217 4219 1232 4264 :

966 4406 1280 4473 FELICI.
1323 4403 1613 4473 HVIVS.
1662 4401 1940 4472 VRBIS.
1984 4401 2461 4470 R-ESTAVRA

1096 4509 1335 4573 Tom.
1368 4508 1579 4572 COM.
1616 4505 2118 4571 BONIFACIO.
2158 4506 2238 4573 V.
2274 4507 2345 4570 C.

948 4693 949 4696 Ἴ
1049 4728 1111 4799 a)
1150 4725 1299 4782 Mus.
1336 4719 1574 4803 Vernus
1598 4736 1735 4801 pag.
1778 4717 1900 4783 165·
1938 4730 1992 4785 7.

2137 4715 2209 4790 b)
2249 4718 2384 4795 pag.
2424 4722 2553 4785 126r

2610 830 2764 895 huic
2824 834 3282 916 triumphatori
3338 846 3469 896 non
3514 836 3637 899 alia
3693 836 3907 901 addita
3949 841 4106 903 insi·

2609 937 2798 1017 guia,
2846 957 3035 1021 quam
3069 955 3234 1019 quae
3275 936 3542 1019 aurigae
3594 957 3854 1021 quoque
3904 963 4105 1006 manu

2606 1036 2880 1119 jactant,
2927 1056 3010 1098 ne
3043 1038 3309 1123 quidem
3346 1039 3580 1100 omissa
3624 1043 3906 1120 scutica,
3951 1044 4103 1106 insi·

2608 1141 2756 1222 gni,
2801 1137 3083 1221 aurigis,
3129 1159 3259 1200 non
3304 1156 3467 1203 vero
3513 1131 4120 1223 triumphatoribus³

2603 1242 2895 1324 proprio.
2985 1231 3216 1301 Tutius
3259 1261 3424 1323 ergo
3452 1241 3860 1306 Bonifaeium
3900 1245 4100 1325 hune,

2604 1344 2715 1427 qui
2764 1343 3029 1425 aurigae
3082 1361 3268 1405 more
3323 1346 3764 1426 proponitur„
3805 1346 4098 1430 aurigam

2601 1446 2916 1523 dicemus,
2961 1446 3028 1507 et
3056 1442 3234 1504 casui
3259 1444 3580 1520 dabimus,
3623 1445 3824 1508 fuisse
3858 1447 4096 1511 eodem

2600 1560 2902 1631 tempore
2960 1545 3251 1628 aurigam
3301 1546 3595 1629 ejusdem
3645 1567 3794 1608 cum
3837 1549 4108 1613 vindice.
4163 1591 4172 1597 -

2598 1650 2863 1733 imperii
2893 1648 3211 1725 nominis,
3274 1647 3817 1730 quemadmodum
3853 1650 4092 1714 eodem

2596 1751 3057 1821 Valentiniano
3086 1750 3449 1837 imperante
3487 1752 3606 1814 fuit
3622 1753 3968 1827 Petronius
3985 1756 4093 1817 vir

2598 1852 2992 1928 consularis,
3052 1852 3163 1934 qui
3205 1851 3479 1913 subinde
3522 1834 4094 1937 imperiumjiuva·

2599 1954 2721 2030 sit,
2768 1969 2833 2016 et
2867 1953 3216 2016 Petronius
3255 1956 3590 2029 scenicus,
3636 1954 3719 2015 de
3759 1975 3887 2038 quo
3913 1956 4087 2023 infra

2595 2056 2662 2117 in
2695 2061 3025 2132 Semivir,
3076 2068 3211 2118 tum
3261 2072 3327 2120 et
3354 2056 3690 2138 Eugenius
3723 2059 4085 2141 Augustus,

2598 2172 2665 2219 et
2696 2159 3035 2240 Eugenius
3074 2158 3316 2240 auriga.
3900 2226 3907 2235 ,

2720 2261 2986 2323 Literae
3034 2262 3101 2325 in
3147 2263 3282 2322 imo
3333 2260 3622 2342 positae,
3684 2272 3751 2319 et
3790 2258 3967 2321 inter
4007 2279 4084 2326 se

2592 2380 2798 2423 nexae
2842 2360 3133 2444 ejusdem
3188 2375 3335 2423 sunt
3378 2375 3684 2436 naturae,
3744 2360 3926 2442 cujus
3983 2374 4086 2423 tot

2592 2461 2758 2524 aliae
2792 2463 2860 2523 in
2898 2466 3107 2525 numis
3142 2484 3373 2547 regum
3406 2462 3773 2524 Gothorum
3816 2461 3966 2524 inde
3994 2461 4083 2523 ab

2591 2565 2931 2626 Anastasio
2970 2565 3356 2648 frequenter
3383 2574 3774 2629 occurrunt.'
3837 2565 4079 2625 Earum

2589 2661 2841 2726 tentare
2889 2667 3304 2749 explicatum·
3325 2666 3779 2751 reformidavit
3801 2660 4086 2729 ‘Ducan-

2591 2765 2770 2849 gius,
2816 2767 2933 2828 sed
2980 2768 3290 2844 tentavit,
3335 2769 3446 2853 qui
3494 2768 3616 2831 alia
3665 2769 3907 2846 omnia,
3951 2769 4086 2834 Ha-

2589 2887 2975 2952 vercampus
3006 2869 3118 2951 b),
3165 2892 3289 2953 qua
3331 2870 4083 2946 formum-arbitrentur

2588 2970 2848 3033 eruditi.
2895 2972 3275 3037 Verisimile
3311 2984 3445 3047 est,
3489 2986 3766 3053 quatuor
3813 2975 3915 3037 his
3942 2995 4081 3039 no·

2586 3074 3046 3156 nogrammatis
3126 3073 3402 3136 indicari
3476 3074 3735 3160 nomina
3803 3072 4084 3161 quatuor

2588 3195 2942 3259 equorum,
2999 3175 3169 3239 infra
3215 3196 3377 3259 quos
3428 3191 3810 3255 exarantur,
3881 3199 4082 3262 quem

2585 3299 2839 3340 morem
2885 3298 2962 3339 ea
2992 3293 3203 3340 aetate
3223 3275 3543 3358 viguisse,
3592 3280 3883 3342 dicemus
3909 3280 4084 3343 infra

2582 3382 2650 3442 in
2686 3381 3194 3460 TOXXOTES.
3240 3380 3503 3443 Similes
3542 3382 3747 3464 siglae
3779 3393 3930 3443 sunt
3959 3381 4083 3444 eti·

2583 3505 2684 3546 am
2734 3483 2802 3543 in
2855 3485 3265 3547 contorniato
3306 3505 3436 3547 uno
3491 3486 3794 3564 Traiani,
3864 3483 4085 3547 altero

2584 3583 2955 3650 Caracallae
2989 3588 3198 3649 musei
3233 3585 3449 3651 Princ.
3485 3586 3568 3649 de
3603 3587 3947 3650 Waldecls.

3127 3799 3168 3838 fi
3295 3753 3502 3841 ι’*

2863 3893 3464 3962 CERVOMTIVS.
3484 3897 3831 3956 Hieronica
3844 3897 3914 3956 t'n
3930 3915 4078 3957 eur·

2862 4019 2940 4059 ru
2992 4019 3036 4058 a
3071 4008 3348 4080 quatuor
3391 3987 3611 4056 citatis
3641 3999 3823 4078 equis
3857 4007 4078 4059 vectus

2761 4155 2790 4164 .„
2859 4108 3042 4160 etam
3066 4088 3134 4161 οἱ
3162 4101 3505 4176 respiciens
3529 4101 3590 4157 d.
3609 4103 3908 4159 corona‘m
3924 4117 4078 4160 oum

2854 4203 3099 4260 scutica
3113 4243 3130 4274 ‚
3175 4221 3225 4260 a.
3255 4203 3521 4279 palmae
3548 4218 3830 4260 ramum-

2573 4303 2780 4381 Caput
2810 4303 3208 4362 Caracallae.
3258 4299 3602 4397 (Haverc.)

2857 4401 3525 4469 CHRYSOPOLVS.
3587 4401 3868 4464 Numam
3912 4418 4072 4464 cum

2573 4503 2764 4587 hujus
2792 4504 3125 4569 mentione
3156 4504 3256 4566 his
3286 4502 3506 4566 verbis
3540 4501 3938 4585 descriptum
3967 4523 4078 4567 re·
4159 4580 4168 4586 ⁶
