4388 5576
1063 481 1216 554 AD
1285 479 1863 559 VOLVMEN
1926 472 2658 561 SECVNDVM.‘

295 648 580 731 Tegeam
627 646 920 712 meminit
962 648 1289 735 Polybius.
1355 653 1555 736 (nist.
1582 653 1669 715 212.
1689 654 1770 721 Ὺ.

289 769 343 813 e.
382 753 514 833 24.)

660 940 735 1002 P.
756 936 903 1004 322.
939 937 1066 1004 col.
1092 957 1147 1003 ι.
1182 938 1300 1001 lin.
1333 960 1385 1004 ι.

409 1053 583 1149 Quin
653 1069 722 1120 et
782 1056 960 1120 idem
1020 1056 1138 1121 illa
1200 1058 1440 1139 Tylissi
1496 1080 1767 1138 numus,

280 1174 476 1240 quem
536 1158 605 1218 in
661 1156 877 1220 Gotha
934 1179 1044 1219 sua
1106 1159 1396 1242 vulgavit
1450 1161 1768 1237 Liebeus‚

281 1259 497 1334 susus,
565 1258 954 1342 spuriusque
1013 1258 1179 1321 adeo
1239 1262 1414 1325 visus
1460 1276 1559 1325 est
1603 1264 1768 1326 Iulio

282 1358 645 1442 Schliigero
714 1358 922 1422 musei
985 1358 1270 1422 Gothani
1323 1363 1608 1438 custodi,
1699 1377 1770 1425 ut

277 1461 419 1542 ipse
472 1461 677 1524 fassus
713 1474 812 1524 est
840 1460 909 1522 in
948 1462 1225 1546 epistola
1269 1484 1436 1525 anno
1478 1465 1637 1544 1768
1687 1464 1769 1528 ad

277 1561 609 1626 Rhellium
642 1564 915 1647 scripta,
951 1584 1142 1649 quam
1171 1563 1313 1648 ipse
1346 1577 1565 1634 teneo.

533 1767 611 1828 P.
635 1765 779 1875 ἔξω.
818 1767 945 1832 col.
974 1789 1027 1832 1.
1057 1764 1216 1857 poi-t
1247 1769 1369 1831 lin.
1398 1768 1498 1832 25.

626 1921 784 1984 AR
811 1921 1406 1989 TEMISIVM.

393 2074 611 2136 Plinio
644 2075 796 2137 urbs
828 2076 1174 2156 Euboeae,
1209 2077 1351 2141 aliis
1381 2092 1755 2163 promonto-

269 2175 470 2252 rium,
520 2176 631 2237 ubi
676 2177 1155 2241 Themistocles
1198 2179 1550 2242 Persarum
1595 2182 1755 2245 clas·

267 2298 402 2339 sem
449 2278 715 2358 attrivit.
763 2281 966 2342 Forte
1012 2280 1134 2343 fuit
1179 2280 1332 2344 urbs
1378 2296 1754 2363 promonto-

263 2379 365 2440 rio
410 2379 728 2443 adstituta.
819 2384 1278 2457 Autonomum
1329 2381 1512 2446 dedit
1557 2384 1754 2445 Sesti·

263 2500 421 2542 nus:
467 2483 767 2563 (Lettere
806 2485 885 2546 T.
910 2485 993 2551 V.
1037 2484 1393 2567 p.XLV1.)

397 2584 614 2665 Caput
674 2585 987 2648 Herculis
1048 2568 1334 2648 imberbe
1396 2590 1469 2647 in
1542 2587 1756 2649 leonis

257 2687 541 2746 exuviis.
587 2683 636 2744 ΞΕ
673 2683 945 2752 ΑΡΤΕ.
1016 2688 1232 2770 Caput
1285 2689 1508 2764 canis,
1565 2689 1752 2773 infra

259 2784 474 2850 clava.
521 2784 661 2849 AR.
692 2786 807 2853 IV.

382 2886 623 2969 Suapte
667 2901 874 2968 patet,
935 2889 1220 2971 positum
1264 2890 1331 2949 in
1375 2889 1505 2952 hoc
1548 2909 1744 2951 numo

258 3006 487 3046 canem
534 3006 720 3047 causa
762 2987 1045 3066 Dianae,
1102 2982 1488 3070 Αρτεμιδος,
1542 3011 1577 3050 a
1623 3010 1746 3073 qua

261 3081 507 3170 oppido
544 3108 804 3154 nemen.

386 3190 547 3251 AR.
599 3190 875 3255 RRRH.

603 3375 679 3470 ζ’.
704 3373 850 3450 334.
888 3372 1014 3436 col.
1044 3387 1102 3435 Β.
1138 3371 1256 3434 lin.
1284 3387 1384 3450 27.

374 3490 578 3569 Vide,
640 3513 804 3575 quae
865 3491 948 3554 de
1004 3488 1216 3552 numis
1267 3491 1366 3552 his
1410 3492 1738 3574 argenteis

255 3593 541 3675 Seripho
569 3593 830 3655 tributis
856 3591 1164 3655 continno
1193 3591 1314 3655 sub
1342 3591 1593 3675 Siphno
1625 3594 1737 3658 ob·

249 3695 551 3763 servabo.

612 3883 688 3945 P.
709 3877 855 3943 336.
892 3876 1018 3941 col.
1045 3898 1095 3935 ι.
1131 3877 1249 3938 lin.
1278 3878 1377 3944 18.

370 3999 749 4086 Impugnavi
781 3998 908 4060 hoc
942 3996 1125 4071 loco,
1169 4008 1240 4056 ut
1274 3996 1485 4075 vides,
1534 3999 1733 4073 Sesti-

240 4103 339 4164 nii
372 4104 786 4177 sententiam,
832 4118 1064 4162 numos
1106 4096 1352 4162 similes
1384 4099 1730 4185 inscriptos

240 4200 398 4270 ΣΕ.
447 4203 728 4287 Seripho
783 4221 905 4284 pro
950 4191 1180 4264 vetere
1226 4220 1412 4272 more
1462 4205 1732 4286 permit·

239 4306 473 4382 tentis,
535 4317 599 4366 at
638 4302 986 4386 inscriptos
1035 4297 1155 4365 ΣΙ.
1199 4304 1466 4387 Sicyoni
1525 4305 1733 4370 vindi-

238 4406 469 4471 cantis.
528 4404 744 4466 Aliter
780 4403 1132 4487 disponere
1173 4419 1552 4487 argumenta
1583 4427 1730 4469 mea

235 4508 597 4571 debueram
617 4551 633 4582 ‚
667 4505 722 4566 si
748 4490 1016 4566 testatus
1052 4505 1226 4569 idem
1256 4508 1502 4586 fuisset,
1533 4508 1728 4570 etiam

233 4630 474 4672 numos
511 4602 659 4669 ΣΕ.
700 4605 869 4687 apud
910 4605 1257 4688 Sicyonem
1290 4609 1611 4695 reperiri,
1637 4624 1726 4680 xet

235 4707 651 4775 statuendum
709 4706 906 4783 adeo,
980 4707 1103 4770 hos
1152 4729 1414 4796 quoque
1458 4711 1723 4796 Sicyoni

3282 511 3378 588 29

1889 651 2142 720 deberi.
2186 655 2253 722 ·V
2254 675 2440 718 erum
2473 675 2562 718 en
2589 653 2711 718 tibi
2738 655 2964 719 literas
3001 679 3036 719 a
3072 657 3380 724 Consinev·

1886 775 2008 838 ryo
2063 777 2232 819 anno
2285 757 2580 840 proxime
2619 758 2849 842 elapso
2894 757 2976 822 ad
3016 780 3122 822 me
3170 760 3378 838 datas,

1884 856 1953 917 in
1998 857 2228 941 quibus
2269 858 2429 920 mihi
2467 859 2822 944 significat,
2866 860 3142 923 amicum
3190 883 3373 924 suum

1886 960 2243 1023 Rostanum
2278 960 2447 1044 apud
2481 962 2756 1024 eandem
2788 962 3019 1024 urbem
3043 964 3375 1045 reperisse

1885 1082 2146 1147 quoque
2190 1082 2424 1127 numos
2462 1083 2610 1126 cum
2650 1062 3008 1147 epigraphe
3045 1061 3231 1139 213„
3278 1079 3376 1140 et,

1876 1163 2062 1245 quod
2123 1164 2579 1247 consequitur,
2643 1165 2765 1227 hos
2824 1185 3031 1247 aequo
3088 1163 3234 1245 jure
3279 1163 3376 1225 Si-

1885 1264 2077 1345 cyoni
2122 1285 2268 1328 esse
2313 1263 2728 1338 tribuendos,
2794 1265 3045 1326 scilicet
3096 1265 3372 1346 perinde

1883 1378 2078 1447 atque
2118 1366 2269 1428 illos
2308 1385 2456 1429 cum
2485 1362 2850 1449 epigraphe
2882 1362 3005 1428 ΣΙ.
3069 1364 3188 1425 Cui
3232 1385 3376 1429 sen-

1883 1466 2125 1529 tentiae
2170 1480 2243 1528 ut
2284 1466 2484 1529 fidem
2526 1464 2824 1528 facerent
2859 1463 2987 1527 viri
3018 1466 3371 1549 praeclari,

1884 1566 2207 1631 existimat
2226 1570 2569 1644 Rostanus,
2601 1578 2865 1630 veteres
2891 1565 3064 1628 forte
3087 1565 3369 1648 perinde

1882 1668 2222 1751 scripsisse
2282 1662 2523 1730 Σικυών
2581 1680 2647 1729 et
2702 1660 3002 1740 Σεικυων,
3075 1684 3167 1731 sc.
3221 1688 3367 1729 cum

1878 1767 2312 1853 diphthongo,
2358 1772 2444 1832 At
2472 1789 2604 1831 non
2634 1767 2916 1831 advertit
2948 1767 3244 1829 animum·
3265 1769 3365 1831 vir

1874 1869 2180 1954 insignis,
2257 1870 2731 1954 diphthongum
2786 1869 2855 1928 in
2908 1868 3120 1952 prima
3173 1870 3364 1952 hujus

1873 1972 2175 2037 vocabuli
2212 1973 2454 2054 syllaba
2485 1986 2660 2034 stare
2691 1991 2821 2033 non
2855 1990 3070 2053 posse,
3099 1990 3244 2031 eum
3286 1991 3363 2034 ea

1873 2096 1909 2137 a
1945 2075 2159 2157 poetis
2200 2074 2497 2137 omnibus
2532 2094 2677 2136 cum
2713 2073 2985 2135 Graecis
3019 2085 3159 2133 tum
3192 2074 3364 2135 Lati-

1869 2175 1970 2237 nis
2002 2190 2376 2240 constanter
2405 2175 2918 2257 corripiatur,·ut
2952 2187 3362 2257 praeteream

1870 2297 2092 2339 causas
2154 2277 2311 2352 alias
2379 2277 2533 2339 huic
2607 2276 3023 2357 conjecturae
3091 2276 3361 2338 nimium

1871 2378 2201 2442 adversas.
2280 2379 2510 2461 Neque
2575 2378 2830 2439 felicius
2888 2398 3032 2438 rem
3094 2377 3360 2459 expedit

1870 2479 2343 2561 Cousineryus,
2389 2478 2541 2541 dum
2578 2480 2862 2541 tenuiter
2895 2479 3218 2560 conjectat
3250 2500 3361 2541 ve·

1868 2593 2046 2643 teres
2081 2580 2256 2643 forte
2290 2581 2486 2643 etiam
2513 2580 2852 2663 scripsisse
2887 2573 3150 2657 Σεκυωυ,
3180 2564 3356 2665 quod

1869 2682 2184 2765 effugium
2246 2702 2399 2744 sane
2466 2682 2951 2765 perviolentum
3010 2694 3111 2743 est
3171 2681 3354 2743 nullo

1867 2783 2262 2868 suffragante
2292 2780 2622 2866 exemplo.
2656 2782 2760 2844 Ad
2794 2783 2953 2847 haec
2985 2783 3038 2845 si
3067 2798 3358 2846 moneta·-

1863 2886 1947 2949 rii
1978 2889 2044 2945 in
2078 2887 2408 2969 argenteis
2442 2885 2572 2948 suis
2600 2884 2810 2946 nuruis
2849 2885 3173 2947 variarunt
3201 2885 3357 2948 scri-

1862 2986 2081 3051 bendo
2113 2989 2238 3069 jam
2278 2983 2401 3046 ΣΙ.
2435 2988 2562 3067 jam
2597 2981 2782 3061 ΣΕ.,
2829 3009 2945 3049 cur
2982 3007 3115 3048 non
3158 2986 3351 3047 etiam

1858 3105 2322 3169 nonnunquam
2367 3087 2694 3148 variarunt
2749 3086 2815 3146 in
2871 3069 3136 3161 aeneis,
3189 3108 3353 3168 quos

1862 3185 2219 3262 Sestinius,
2281 3205 2561 3268 eumque
2603 3198 2864 3247 secutus
2910 3169 3348 3267 Cousineryus

1859 3286 2106 3368 Siphno
2171 3286 2509 3368 ademptos
2575 3286 2838 3368 Sicyoni
2906 3287 3346 3350 restituendos

1855 3401 2172 3464 statuunt,
2230 3388 2297 3448 in
2354 3387 2585 3471 quibus
2646 3386 2824 3449 aliud
2879 3408 3010 3449 non
3069 3387 3393 3470 legitur„

1853 3510 2047 3575 quam
2091 3485 2214 3549 ΣΙ.
2273 3489 2584 3563 solitum?
2644 3511 2835 3574 quam
2895 3488 3345 3551 difficultatem

1848 3592 1977 3673 jam
2007 3589 2269 3675 agnovit
2298 3590 2490 3652 etiam
2513 3590 2652 3674 ipse
2673 3590 3133 3672 Cousineryus.
3165 3589 3343 3682 Quid

1846 3692 2057 3776 igitur
2093 3692 2160 3762 in
2207 3693 2510 3757 universa
2554 3691 2672 3756 bac
2716 3712 2903 3756 causa
2946 3693 3342 3755 constituen-

1839 3795 2048 3857 dum?
2091 3794 2239 3877 Ajo,
2267 3809 2616 3878 argenteos
2649 3795 2771 3857 hos
2800 3815 3031 3856 numos
3064 3809 3341 3880 propter

1844 3897 2134 3962 omnium
2165 3911 2506 3959 causarum*
2525 3897 2945 3960 concordiam
2969 3897 3151 3959 nullo
3187 3919 3335 3961 esse

1842 4014 2037 4085 pacto
2067 3999 2538 4075 dissociandos,
2586 4013 2652 4062 et
2685 4012 2794 4061 aut
2825 4020 2969 4061 esse
3006 3995 3236 4082 Siphni
3268 4014 3335 4062 et

1846 4101 2143 4187 Seriphi,
2213 4114 2319 4163 aut
2363 4102 2444 4162 ad
2485 4123 2684 4163 unum
2729 4120 2957 4163 omnes
3002 4100 3331 4183 Sicyonis,

1846 4217 1909 4268 at
1938 4219 2074 4266 tum
2104 4199 2227 4266 ΣΙ.
2260 4217 2326 4265 et
2351 4198 2501 4267 ΣΕ.
2526 4224 2660 4264 non
2688 4200 3054 4284 significare
3089 4223 3331 4265 nomen

1843 4305 2059 4382 urbis,
2139 4303 2260 4367 sed
2321 4323 2464 4365 esse
2529 4316 2636 4365 aut
2700 4305 2923 4367 literas
2980 4303 3330 4387 ἀρχαιεσως

1843 4407 2366 4490 magistratuum,
2436 4404 2544 4467 vel
2607 4405 3148 4480 monetariorum,
3218 4419 3327 4467 aut

1842 4528 1991 4571 esse
2050 4506 2464 4591 quidcunque
2521 4505 2696 4570 aliud
2753 4506 2941 4570 nobis
3001 4508 3318 4591 ignotum.

1838 4613 2012 4673 Ante
2047 4607 2259 4670 omnia
2283 4631 2446 4671 vero
2487 4609 2786 4672 attentius
2815 4630 2960 4673 esse
2991 4607 3324 4692 inquirem-

1841 4714 2025 4788 dum,
2072 4727 2202 4794 quo
2239 4709 2343 4774 illi
2375 4712 2441 4773 in
2477 4724 2684 4774 tractu
2714 4711 3039 4797 copiosius
3069 4711 3320 4772 soleant
