<?xml version="1.0" encoding="UTF-8"?>
<!DOCTYPE html PUBLIC "-//W3C//DTD XHTML 1.0 Transitional//EN"
    "http://www.w3.org/TR/xhtml1/DTD/xhtml1-transitional.dtd">
<html xmlns="http://www.w3.org/1999/xhtml" xml:lang="en" lang="en">
 <head>
  <title>
</title>
<meta http-equiv="Content-Type" content="text/html;charset=utf-8" />
  <meta name='ocr-system' content='tesseract 3.04.00' />
  <meta name='ocr-capabilities' content='ocr_page ocr_carea ocr_par ocr_line ocrx_word'/>
</head>
<body>
  <div class='ocr_page' id='page_1' title='image "./doctrinanumorum04hohlgoog/doctrinanumorum04hohlgoog_0615.png"; bbox 0 0 4388 5576; ppageno 0'>
   <div class='ocr_carea' id='block_1_1' title="bbox 309 696 3352 742">
    <p class='ocr_par' dir='ltr' id='par_1_1' title="bbox 309 696 3352 742">
     <span class='ocr_line' id='line_1_1' title="bbox 309 696 3352 742; baseline 0 4834"><span class='ocrx_word' id='word_1_1' title='bbox 309 696 3352 742; x_wconf 95' lang='lat' dir='ltr'><strong> </strong></span> 
     </span>
    </p>
   </div>
   <div class='ocr_carea' id='block_1_2' title="bbox 1165 1226 2489 1341">
    <p class='ocr_par' dir='ltr' id='par_1_2' title="bbox 1165 1226 2489 1341">
     <span class='ocr_line' id='line_1_2' title="bbox 1165 1226 2489 1341; baseline -0.001 -4"><span class='ocrx_word' id='word_1_2' title='bbox 1165 1226 2489 1341; x_wconf 87' lang='lat' dir='ltr'><strong>ADDENDA</strong></span> 
     </span>
    </p>
   </div>
   <div class='ocr_carea' id='block_1_3' title="bbox 1748 1472 1887 1525">
    <p class='ocr_par' dir='ltr' id='par_1_3' title="bbox 1748 1472 1887 1525">
     <span class='ocr_line' id='line_1_3' title="bbox 1748 1472 1887 1525; baseline -0.014 0"><span class='ocrx_word' id='word_1_3' title='bbox 1748 1472 1887 1525; x_wconf 78' lang='lat' dir='ltr'><strong>Al)</strong></span> 
     </span>
    </p>
   </div>
   <div class='ocr_carea' id='block_1_4' title="bbox 600 1645 1836 1735">
    <p class='ocr_par' dir='ltr' id='par_1_4' title="bbox 600 1645 1836 1735">
     <span class='ocr_line' id='line_1_4' title="bbox 600 1645 1836 1735; baseline 0.006 -10"><span class='ocrx_word' id='word_1_4' title='bbox 600 1645 1836 1735; x_wconf 87' lang='lat' dir='ltr'><strong>VOLVMEN</strong></span> 
     </span>
    </p>
   </div>
   <div class='ocr_carea' id='block_1_5' title="bbox 2033 1643 3047 1729">
    <p class='ocr_par' dir='ltr' id='par_1_5' title="bbox 2033 1643 3047 1729">
     <span class='ocr_line' id='line_1_5' title="bbox 2033 1643 3047 1729; baseline 0 0"><span class='ocrx_word' id='word_1_5' title='bbox 2033 1643 3047 1729; x_wconf 88' lang='lat' dir='ltr'><strong>PRIMVM.</strong></span> 
     </span>
    </p>
   </div>
   <div class='ocr_carea' id='block_1_6' title="bbox 1363 1950 2258 1982">
    <p class='ocr_par' dir='ltr' id='par_1_6' title="bbox 1363 1950 2258 1982">
     <span class='ocr_line' id='line_1_6' title="bbox 1363 1950 2258 1982; baseline 0 3594"><span class='ocrx_word' id='word_1_6' title='bbox 1363 1950 2258 1982; x_wconf 95' lang='lat' dir='ltr'><strong> </strong></span> 
     </span>
    </p>
   </div>
   <div class='ocr_carea' id='block_1_7' title="bbox 264 2279 1763 2671">
    <p class='ocr_par' dir='ltr' id='par_1_7' title="bbox 264 2279 1763 2671">
     <span class='ocr_line' id='line_1_7' title="bbox 799 2279 1221 2364; baseline -0.007 -16"><span class='ocrx_word' id='word_1_7' title='bbox 799 2287 960 2364; x_wconf 80' lang='lat' dir='ltr'><strong>Pag.</strong></span> <span class='ocrx_word' id='word_1_8' title='bbox 993 2279 1221 2349; x_wconf 82' lang='lat' dir='ltr'><strong>XXV.</strong></span> 
     </span>
     <span class='ocr_line' id='line_1_8' title="bbox 268 2333 1761 2467; baseline 0.002 -25"><span class='ocrx_word' id='word_1_9' title='bbox 268 2333 423 2443; x_wconf 83' lang='lat' dir='ltr'><strong>De</strong></span> <span class='ocrx_word' id='word_1_10' title='bbox 454 2378 740 2453; x_wconf 76' lang='lat' dir='ltr'><strong>admixto</strong></span> <span class='ocrx_word' id='word_1_11' title='bbox 771 2396 1072 2446; x_wconf 88' lang='lat' dir='ltr'><strong>monetae</strong></span> <span class='ocrx_word' id='word_1_12' title='bbox 1104 2403 1341 2447; x_wconf 81' lang='lat' dir='ltr'><strong>aureae</strong></span> <span class='ocrx_word' id='word_1_13' title='bbox 1375 2402 1580 2467; x_wconf 90' lang='lat' dir='ltr'><strong>cupro</strong></span> <span class='ocrx_word' id='word_1_14' title='bbox 1611 2381 1761 2447; x_wconf 81' lang='lat' dir='ltr'><strong>vide</strong></span> 
     </span>
     <span class='ocr_line' id='line_1_9' title="bbox 264 2483 1763 2569; baseline 0.001 -24"><span class='ocrx_word' id='word_1_15' title='bbox 264 2483 638 2547; x_wconf 87' lang='lat' dir='ltr'><strong>testimonia</strong></span> <span class='ocrx_word' id='word_1_16' title='bbox 690 2504 775 2547; x_wconf 86' lang='lat' dir='ltr'><strong>ex</strong></span> <span class='ocrx_word' id='word_1_17' title='bbox 823 2485 1231 2567; x_wconf 86' lang='lat' dir='ltr'><strong>Pachymere</strong></span> <span class='ocrx_word' id='word_1_18' title='bbox 1284 2484 1456 2569; x_wconf 85' lang='lat' dir='ltr'><strong>apud</strong></span> <span class='ocrx_word' id='word_1_19' title='bbox 1503 2483 1763 2548; x_wconf 86' lang='lat' dir='ltr'><strong>Gibbon</strong></span> 
     </span>
     <span class='ocr_line' id='line_1_10' title="bbox 265 2583 1219 2671; baseline 0.003 -23"><span class='ocrx_word' id='word_1_20' title='bbox 265 2606 407 2670; x_wconf 82' lang='lat' dir='ltr'><strong>cap.</strong></span> <span class='ocrx_word' id='word_1_21' title='bbox 435 2583 515 2648; x_wconf 73' lang='lat'><strong>62</strong></span> <span class='ocrx_word' id='word_1_22' title='bbox 554 2586 766 2649; x_wconf 82' lang='lat' dir='ltr'><strong>Tomo</strong></span> <span class='ocrx_word' id='word_1_23' title='bbox 799 2586 941 2651; x_wconf 85' lang='lat' dir='ltr'><strong>XII.</strong></span> <span class='ocrx_word' id='word_1_24' title='bbox 975 2607 1039 2671; x_wconf 84' lang='lat' dir='ltr'><strong>p.</strong></span> <span class='ocrx_word' id='word_1_25' title='bbox 1064 2585 1219 2663; x_wconf 80' lang='lat'><strong>430.</strong></span> 
     </span>
    </p>
   </div>
   <div class='ocr_carea' id='block_1_8' title="bbox 426 2769 1595 2855">
    <p class='ocr_par' dir='ltr' id='par_1_8' title="bbox 426 2769 1595 2855">
     <span class='ocr_line' id='line_1_11' title="bbox 426 2769 1595 2855; baseline 0.002 -21"><span class='ocrx_word' id='word_1_26' title='bbox 426 2772 588 2855; x_wconf 82' lang='lat' dir='ltr'><strong>Pag.</strong></span> <span class='ocrx_word' id='word_1_27' title='bbox 612 2769 888 2837; x_wconf 81' lang='lat' dir='ltr'><strong>XXIX.</strong></span> <span class='ocrx_word' id='word_1_28' title='bbox 924 2773 1049 2839; x_wconf 83' lang='lat' dir='ltr'><strong>col.</strong></span> <span class='ocrx_word' id='word_1_29' title='bbox 1082 2796 1133 2835; x_wconf 85' lang='grc' dir='ltr'><strong>ι.</strong></span> <span class='ocrx_word' id='word_1_30' title='bbox 1158 2782 1316 2855; x_wconf 78' lang='lat' dir='ltr'><strong>post</strong></span> <span class='ocrx_word' id='word_1_31' title='bbox 1350 2774 1469 2837; x_wconf 77' lang='lat' dir='ltr'><strong>lin.</strong></span> <span class='ocrx_word' id='word_1_32' title='bbox 1502 2779 1595 2847; x_wconf 73' lang='lat'><strong>¹4·</strong></span> 
     </span>
    </p>
   </div>
   <div class='ocr_carea' id='block_1_9' title="bbox 254 2889 1761 4904">
    <p class='ocr_par' dir='ltr' id='par_1_9' title="bbox 254 2889 1761 4904">
     <span class='ocr_line' id='line_1_12' title="bbox 387 2889 1760 2975; baseline 0 -20"><span class='ocrx_word' id='word_1_33' title='bbox 387 2889 655 2955; x_wconf 72' lang='lat' dir='ltr'><strong>varium</strong></span> <span class='ocrx_word' id='word_1_34' title='bbox 706 2891 880 2955; x_wconf 83' lang='lat' dir='ltr'><strong>hunc</strong></span> <span class='ocrx_word' id='word_1_35' title='bbox 925 2892 1097 2956; x_wconf 85' lang='lat' dir='ltr'><strong>aeris</strong></span> <span class='ocrx_word' id='word_1_36' title='bbox 1132 2892 1401 2956; x_wconf 82' lang='lat' dir='ltr'><strong>modum</strong></span> <span class='ocrx_word' id='word_1_37' title='bbox 1441 2914 1590 2958; x_wconf 87' lang='lat' dir='ltr'><strong>cum</strong></span> <span class='ocrx_word' id='word_1_38' title='bbox 1620 2892 1760 2975; x_wconf 89' lang='lat' dir='ltr'><strong>ple·</strong></span> 
     </span>
     <span class='ocr_line' id='line_1_13' title="bbox 262 2992 1757 3080; baseline 0.003 -26"><span class='ocrx_word' id='word_1_39' title='bbox 262 2993 454 3075; x_wconf 73' lang='lat' dir='ltr'><strong>rique</strong></span> <span class='ocrx_word' id='word_1_40' title='bbox 500 2992 813 3055; x_wconf 85' lang='lat' dir='ltr'><strong>haetenus</strong></span> <span class='ocrx_word' id='word_1_41' title='bbox 870 2993 1222 3057; x_wconf 83' lang='lat' dir='ltr'><strong>crederent</strong></span> <span class='ocrx_word' id='word_1_42' title='bbox 1272 2994 1444 3080; x_wconf 83' lang='lat' dir='ltr'><strong>apud</strong></span> <span class='ocrx_word' id='word_1_43' title='bbox 1495 3009 1757 3060; x_wconf 81' lang='lat' dir='ltr'><strong>veteres</strong></span> 
     </span>
     <span class='ocr_line' id='line_1_14' title="bbox 265 3092 1760 3177; baseline 0.001 -23"><span class='ocrx_word' id='word_1_44' title='bbox 265 3092 467 3155; x_wconf 75' lang='lat' dir='ltr'><strong>fuisse</strong></span> <span class='ocrx_word' id='word_1_45' title='bbox 519 3092 966 3171; x_wconf 87' lang='lat' dir='ltr'><strong>arbitrarium,</strong></span> <span class='ocrx_word' id='word_1_46' title='bbox 1013 3114 1229 3176; x_wconf 87' lang='lat' dir='ltr'><strong>neque</strong></span> <span class='ocrx_word' id='word_1_47' title='bbox 1267 3107 1619 3177; x_wconf 86' lang='lat' dir='ltr'><strong>propterea</strong></span> <span class='ocrx_word' id='word_1_48' title='bbox 1651 3117 1760 3158; x_wconf 89' lang='lat' dir='ltr'><strong>au·</strong></span> 
     </span>
     <span class='ocr_line' id='line_1_15' title="bbox 265 3193 1760 3278; baseline -0.001 -20"><span class='ocrx_word' id='word_1_49' title='bbox 265 3208 481 3269; x_wconf 78' lang='lat' dir='ltr'><strong>ctum,</strong></span> <span class='ocrx_word' id='word_1_50' title='bbox 519 3193 1013 3259; x_wconf 81' lang='lat' dir='ltr'><strong>imminutumve</strong></span> <span class='ocrx_word' id='word_1_51' title='bbox 1044 3194 1228 3257; x_wconf 86' lang='lat' dir='ltr'><strong>numi</strong></span> <span class='ocrx_word' id='word_1_52' title='bbox 1267 3194 1628 3278; x_wconf 71' lang='lat' dir='ltr'><strong>praetium,</strong></span> <span class='ocrx_word' id='word_1_53' title='bbox 1677 3194 1760 3256; x_wconf 72' lang='lat' dir='ltr'><strong>acl</strong></span> 
     </span>
     <span class='ocr_line' id='line_1_16' title="bbox 265 3293 1761 3380; baseline -0.002 -22"><span class='ocrx_word' id='word_1_54' title='bbox 265 3315 741 3380; x_wconf 84' lang='lat' dir='ltr'><strong>quemcumque</strong></span> <span class='ocrx_word' id='word_1_55' title='bbox 777 3293 1042 3356; x_wconf 83' lang='lat' dir='ltr'><strong>modum</strong></span> <span class='ocrx_word' id='word_1_56' title='bbox 1076 3309 1310 3356; x_wconf 87' lang='lat' dir='ltr'><strong>numus</strong></span> <span class='ocrx_word' id='word_1_57' title='bbox 1341 3315 1585 3357; x_wconf 88' lang='lat' dir='ltr'><strong>aeneus</strong></span> <span class='ocrx_word' id='word_1_58' title='bbox 1611 3315 1761 3379; x_wconf 87' lang='lat' dir='ltr'><strong>per·</strong></span> 
     </span>
     <span class='ocr_line' id='line_1_17' title="bbox 267 3394 1761 3480; baseline -0.001 -22"><span class='ocrx_word' id='word_1_59' title='bbox 267 3399 543 3475; x_wconf 83' lang='lat' dir='ltr'><strong>tineret,</strong></span> <span class='ocrx_word' id='word_1_60' title='bbox 596 3398 719 3459; x_wconf 81' lang='lat' dir='ltr'><strong>suit</strong></span> <span class='ocrx_word' id='word_1_61' title='bbox 755 3417 969 3480; x_wconf 84' lang='lat' dir='ltr'><strong>nuper</strong></span> <span class='ocrx_word' id='word_1_62' title='bbox 1007 3394 1089 3458; x_wconf 89' lang='lat' dir='ltr'><strong>cl.</strong></span> <span class='ocrx_word' id='word_1_63' title='bbox 1120 3395 1594 3472; x_wconf 78' lang='lat' dir='ltr'><strong>Pinkertonus,</strong></span> <span class='ocrx_word' id='word_1_64' title='bbox 1648 3396 1761 3480; x_wconf 88' lang='lat' dir='ltr'><strong>qui</strong></span> 
     </span>
     <span class='ocr_line' id='line_1_18' title="bbox 263 3499 1757 3581; baseline -0.003 -17"><span class='ocrx_word' id='word_1_65' title='bbox 263 3499 513 3564; x_wconf 68' lang='lat' dir='ltr'><strong>varium</strong></span> <span class='ocrx_word' id='word_1_66' title='bbox 559 3512 861 3561; x_wconf 85' lang='lat' dir='ltr'><strong>monetae</strong></span> <span class='ocrx_word' id='word_1_67' title='bbox 902 3517 1146 3561; x_wconf 82' lang='lat' dir='ltr'><strong>aeneae</strong></span> <span class='ocrx_word' id='word_1_68' title='bbox 1175 3499 1458 3581; x_wconf 87' lang='lat' dir='ltr'><strong>pretium</strong></span> <span class='ocrx_word' id='word_1_69' title='bbox 1491 3519 1613 3580; x_wconf 90' lang='lat' dir='ltr'><strong>pro</strong></span> <span class='ocrx_word' id='word_1_70' title='bbox 1651 3519 1757 3561; x_wconf 79' lang='lat' dir='ltr'><strong>va-</strong></span> 
     </span>
     <span class='ocr_line' id='line_1_19' title="bbox 261 3598 1759 3683; baseline -0.001 -21"><span class='ocrx_word' id='word_1_71' title='bbox 261 3600 359 3664; x_wconf 88' lang='lat' dir='ltr'><strong>ria</strong></span> <span class='ocrx_word' id='word_1_72' title='bbox 388 3601 528 3683; x_wconf 82' lang='lat' dir='ltr'><strong>ejus</strong></span> <span class='ocrx_word' id='word_1_73' title='bbox 563 3600 821 3676; x_wconf 85' lang='lat' dir='ltr'><strong>indole,</strong></span> <span class='ocrx_word' id='word_1_74' title='bbox 854 3621 929 3663; x_wconf 89' lang='lat' dir='ltr'><strong>ac</strong></span> <span class='ocrx_word' id='word_1_75' title='bbox 959 3603 1176 3683; x_wconf 85' lang='lat' dir='ltr'><strong>pretio</strong></span> <span class='ocrx_word' id='word_1_76' title='bbox 1205 3600 1569 3665; x_wconf 85' lang='lat' dir='ltr'><strong>intrinseco</strong></span> <span class='ocrx_word' id='word_1_77' title='bbox 1593 3598 1759 3661; x_wconf 78' lang='lat' dir='ltr'><strong>adsi-</strong></span> 
     </span>
     <span class='ocr_line' id='line_1_20' title="bbox 264 3701 1756 3788; baseline -0.001 -23"><span class='ocrx_word' id='word_1_78' title='bbox 264 3703 503 3788; x_wconf 69' lang='lat' dir='ltr'><strong>gnavit.</strong></span> <span class='ocrx_word' id='word_1_79' title='bbox 564 3702 713 3780; x_wconf 88' lang='lat' dir='ltr'><strong>Ait,</strong></span> <span class='ocrx_word' id='word_1_80' title='bbox 763 3702 1057 3766; x_wconf 84' lang='lat' dir='ltr'><strong>instituto</strong></span> <span class='ocrx_word' id='word_1_81' title='bbox 1098 3704 1409 3768; x_wconf 82' lang='lat' dir='ltr'><strong>adcurate</strong></span> <span class='ocrx_word' id='word_1_82' title='bbox 1460 3701 1756 3765; x_wconf 79' lang='lat' dir='ltr'><strong>examine</strong></span> 
     </span>
     <span class='ocr_line' id='line_1_21' title="bbox 261 3804 1758 3888; baseline -0.001 -23"><span class='ocrx_word' id='word_1_83' title='bbox 261 3804 416 3868; x_wconf 72' lang='lat' dir='ltr'><strong>inde</strong></span> <span class='ocrx_word' id='word_1_84' title='bbox 445 3804 524 3868; x_wconf 81' lang='lat' dir='ltr'><strong>ab</strong></span> <span class='ocrx_word' id='word_1_85' title='bbox 557 3804 855 3888; x_wconf 83' lang='lat' dir='ltr'><strong>Augusto</strong></span> <span class='ocrx_word' id='word_1_86' title='bbox 885 3818 954 3868; x_wconf 88' lang='lat' dir='ltr'><strong>et</strong></span> <span class='ocrx_word' id='word_1_87' title='bbox 982 3804 1329 3888; x_wconf 76' lang='lat' dir='ltr'><strong>deinceps,</strong></span> <span class='ocrx_word' id='word_1_88' title='bbox 1363 3825 1595 3865; x_wconf 86' lang='lat' dir='ltr'><strong>numos</strong></span> <span class='ocrx_word' id='word_1_89' title='bbox 1622 3825 1758 3864; x_wconf 88' lang='lat' dir='ltr'><strong>om·</strong></span> 
     </span>
     <span class='ocr_line' id='line_1_22' title="bbox 257 3906 1758 3990; baseline -0.003 -20"><span class='ocrx_word' id='word_1_90' title='bbox 257 3927 385 3970; x_wconf 78' lang='lat' dir='ltr'><strong>nes</strong></span> <span class='ocrx_word' id='word_1_91' title='bbox 417 3909 468 3970; x_wconf 91' lang='lat'><strong>1.</strong></span> <span class='ocrx_word' id='word_1_92' title='bbox 512 3907 764 3970; x_wconf 82' lang='lat' dir='ltr'><strong>formae</strong></span> <span class='ocrx_word' id='word_1_93' title='bbox 805 3920 1181 3990; x_wconf 83' lang='lat' dir='ltr'><strong>compertos</strong></span> <span class='ocrx_word' id='word_1_94' title='bbox 1231 3906 1355 3969; x_wconf 85' lang='lat' dir='ltr'><strong>sibi</strong></span> <span class='ocrx_word' id='word_1_95' title='bbox 1404 3925 1549 3969; x_wconf 85' lang='lat' dir='ltr'><strong>esse</strong></span> <span class='ocrx_word' id='word_1_96' title='bbox 1604 3925 1758 3969; x_wconf 83' lang='lat' dir='ltr'><strong>con-</strong></span> 
     </span>
     <span class='ocr_line' id='line_1_23' title="bbox 259 4006 1760 4094; baseline -0.003 -23"><span class='ocrx_word' id='word_1_97' title='bbox 259 4022 436 4073; x_wconf 78' lang='lat' dir='ltr'><strong>stare</strong></span> <span class='ocrx_word' id='word_1_98' title='bbox 481 4026 562 4071; x_wconf 79' lang='lat' dir='ltr'><strong>ex</strong></span> <span class='ocrx_word' id='word_1_99' title='bbox 615 4028 773 4072; x_wconf 88' lang='lat' dir='ltr'><strong>aere</strong></span> <span class='ocrx_word' id='word_1_100' title='bbox 819 4007 1024 4094; x_wconf 58' lang='lat' dir='ltr'><strong>flavo,</strong></span> <span class='ocrx_word' id='word_1_101' title='bbox 1082 4028 1203 4072; x_wconf 82' lang='lat' dir='ltr'><strong>seu</strong></span> <span class='ocrx_word' id='word_1_102' title='bbox 1254 4006 1621 4082; x_wconf 85' lang='lat' dir='ltr'><strong>orichalco,</strong></span> <span class='ocrx_word' id='word_1_103' title='bbox 1690 4018 1760 4067; x_wconf 87' lang='lat' dir='ltr'><strong>et</strong></span> 
     </span>
     <span class='ocr_line' id='line_1_24' title="bbox 259 4107 1757 4194; baseline -0.004 -19"><span class='ocrx_word' id='word_1_104' title='bbox 259 4132 492 4190; x_wconf 74' lang='lat' dir='ltr'><strong>eorum</strong></span> <span class='ocrx_word' id='word_1_105' title='bbox 537 4131 625 4174; x_wconf 88' lang='lat' dir='ltr'><strong>ne</strong></span> <span class='ocrx_word' id='word_1_106' title='bbox 669 4131 867 4172; x_wconf 85' lang='lat' dir='ltr'><strong>unum</strong></span> <span class='ocrx_word' id='word_1_107' title='bbox 908 4107 1172 4194; x_wconf 84' lang='lat' dir='ltr'><strong>quidem</strong></span> <span class='ocrx_word' id='word_1_108' title='bbox 1220 4129 1302 4172; x_wconf 85' lang='lat' dir='ltr'><strong>ex</strong></span> <span class='ocrx_word' id='word_1_109' title='bbox 1346 4117 1591 4191; x_wconf 75' lang='lat' dir='ltr'><strong>cupro,</strong></span> <span class='ocrx_word' id='word_1_110' title='bbox 1637 4128 1757 4172; x_wconf 87' lang='lat' dir='ltr'><strong>seu</strong></span> 
     </span>
     <span class='ocr_line' id='line_1_25' title="bbox 259 4210 1759 4295; baseline -0.001 -21"><span class='ocrx_word' id='word_1_111' title='bbox 259 4232 417 4275; x_wconf 80' lang='lat' dir='ltr'><strong>aere</strong></span> <span class='ocrx_word' id='word_1_112' title='bbox 447 4211 712 4295; x_wconf 85' lang='lat' dir='ltr'><strong>Cyprio.</strong></span> <span class='ocrx_word' id='word_1_113' title='bbox 756 4212 1159 4276; x_wconf 82' lang='lat' dir='ltr'><strong>Grandiores</strong></span> <span class='ocrx_word' id='word_1_114' title='bbox 1192 4231 1275 4274; x_wconf 83' lang='lat' dir='ltr'><strong>ex</strong></span> <span class='ocrx_word' id='word_1_115' title='bbox 1302 4210 1409 4287; x_wconf 84' lang='lat' dir='ltr'><strong>iis,</strong></span> <span class='ocrx_word' id='word_1_116' title='bbox 1435 4231 1597 4293; x_wconf 86' lang='lat' dir='ltr'><strong>quos</strong></span> <span class='ocrx_word' id='word_1_117' title='bbox 1626 4230 1759 4272; x_wconf 87' lang='lat' dir='ltr'><strong>me-</strong></span> 
     </span>
     <span class='ocr_line' id='line_1_26' title="bbox 258 4312 1754 4398; baseline 0.001 -24"><span class='ocrx_word' id='word_1_118' title='bbox 258 4313 407 4376; x_wconf 83' lang='lat' dir='ltr'><strong>diae</strong></span> <span class='ocrx_word' id='word_1_119' title='bbox 436 4312 687 4375; x_wconf 86' lang='lat' dir='ltr'><strong>formae</strong></span> <span class='ocrx_word' id='word_1_120' title='bbox 717 4315 1147 4398; x_wconf 86' lang='lat' dir='ltr'><strong>appellamus,</strong></span> <span class='ocrx_word' id='word_1_121' title='bbox 1170 4314 1295 4375; x_wconf 87' lang='lat' dir='ltr'><strong>hos</strong></span> <span class='ocrx_word' id='word_1_122' title='bbox 1322 4333 1580 4398; x_wconf 83' lang='lat' dir='ltr'><strong>quoque</strong></span> <span class='ocrx_word' id='word_1_123' title='bbox 1609 4332 1754 4375; x_wconf 82' lang='lat' dir='ltr'><strong>esse</strong></span> 
     </span>
     <span class='ocr_line' id='line_1_27' title="bbox 257 4412 1759 4501; baseline -0.001 -23"><span class='ocrx_word' id='word_1_124' title='bbox 257 4436 344 4478; x_wconf 86' lang='lat' dir='ltr'><strong>ex</strong></span> <span class='ocrx_word' id='word_1_125' title='bbox 379 4433 533 4478; x_wconf 88' lang='lat' dir='ltr'><strong>aere</strong></span> <span class='ocrx_word' id='word_1_126' title='bbox 560 4412 755 4478; x_wconf 82' lang='lat' dir='ltr'><strong>ssavo.</strong></span> <span class='ocrx_word' id='word_1_127' title='bbox 802 4415 891 4477; x_wconf 79' lang='lat' dir='ltr'><strong>At</strong></span> <span class='ocrx_word' id='word_1_128' title='bbox 915 4436 1077 4480; x_wconf 74' lang='lat' dir='ltr'><strong>vero</strong></span> <span class='ocrx_word' id='word_1_129' title='bbox 1098 4461 1127 4492; x_wconf 77' lang='lat'><strong>,</strong></span> <span class='ocrx_word' id='word_1_130' title='bbox 1156 4415 1270 4501; x_wconf 83' lang='lat' dir='ltr'><strong>qui</strong></span> <span class='ocrx_word' id='word_1_131' title='bbox 1298 4415 1398 4477; x_wconf 85' lang='lat' dir='ltr'><strong>his</strong></span> <span class='ocrx_word' id='word_1_132' title='bbox 1431 4428 1579 4476; x_wconf 87' lang='lat' dir='ltr'><strong>sunt</strong></span> <span class='ocrx_word' id='word_1_133' title='bbox 1606 4433 1759 4497; x_wconf 85' lang='lat' dir='ltr'><strong>pro·</strong></span> 
     </span>
     <span class='ocr_line' id='line_1_28' title="bbox 254 4516 1752 4600; baseline -0.001 -22"><span class='ocrx_word' id='word_1_134' title='bbox 254 4516 416 4578; x_wconf 81' lang='lat' dir='ltr'><strong>ximi</strong></span> <span class='ocrx_word' id='word_1_135' title='bbox 437 4560 456 4593; x_wconf 91' lang='lat'><strong>,</strong></span> <span class='ocrx_word' id='word_1_136' title='bbox 486 4527 764 4600; x_wconf 78' lang='lat' dir='ltr'><strong>suntque</strong></span> <span class='ocrx_word' id='word_1_137' title='bbox 795 4536 1004 4593; x_wconf 83' lang='lat' dir='ltr'><strong>asses,</strong></span> <span class='ocrx_word' id='word_1_138' title='bbox 1050 4530 1158 4580; x_wconf 90' lang='lat' dir='ltr'><strong>aut</strong></span> <span class='ocrx_word' id='word_1_139' title='bbox 1182 4517 1461 4580; x_wconf 85' lang='lat' dir='ltr'><strong>mediam</strong></span> <span class='ocrx_word' id='word_1_140' title='bbox 1498 4517 1752 4579; x_wconf 85' lang='lat' dir='ltr'><strong>unciam</strong></span> 
     </span>
     <span class='ocr_line' id='line_1_29' title="bbox 255 4615 1753 4701; baseline 0 -20"><span class='ocrx_word' id='word_1_141' title='bbox 255 4615 669 4701; x_wconf 74' lang='lat' dir='ltr'><strong>adpendunt,</strong></span> <span class='ocrx_word' id='word_1_142' title='bbox 732 4636 877 4680; x_wconf 84' lang='lat' dir='ltr'><strong>esse</strong></span> <span class='ocrx_word' id='word_1_143' title='bbox 927 4637 1011 4680; x_wconf 85' lang='lat' dir='ltr'><strong>ex</strong></span> <span class='ocrx_word' id='word_1_144' title='bbox 1061 4637 1290 4701; x_wconf 85' lang='lat' dir='ltr'><strong>cupro.</strong></span> <span class='ocrx_word' id='word_1_145' title='bbox 1361 4621 1503 4682; x_wconf 85' lang='lat' dir='ltr'><strong>Jam</strong></span> <span class='ocrx_word' id='word_1_146' title='bbox 1553 4639 1753 4696; x_wconf 80' lang='lat' dir='ltr'><strong>vero,</strong></span> 
     </span>
     <span class='ocr_line' id='line_1_30' title="bbox 258 4717 1756 4805; baseline -0.001 -23"><span class='ocrx_word' id='word_1_147' title='bbox 258 4719 703 4805; x_wconf 72' lang='lat' dir='ltr'><strong>prosequitur,</strong></span> <span class='ocrx_word' id='word_1_148' title='bbox 734 4740 844 4782; x_wconf 88' lang='lat' dir='ltr'><strong>aes</strong></span> <span class='ocrx_word' id='word_1_149' title='bbox 873 4717 1112 4781; x_wconf 82' lang='lat' dir='ltr'><strong>ssavum</strong></span> <span class='ocrx_word' id='word_1_150' title='bbox 1130 4721 1381 4799; x_wconf 75' lang='lat' dir='ltr'><strong>(bt-ass,</strong></span> <span class='ocrx_word' id='word_1_151' title='bbox 1400 4721 1605 4783; x_wconf 82' lang='lat' dir='ltr'><strong>Gallis</strong></span> <span class='ocrx_word' id='word_1_152' title='bbox 1630 4723 1756 4782; x_wconf 77' lang='lat' dir='ltr'><strong>lai·</strong></span> 
     </span>
     <span class='ocr_line' id='line_1_31' title="bbox 262 4820 1753 4904; baseline 0.001 -18"><span class='ocrx_word' id='word_1_153' title='bbox 262 4836 416 4900; x_wconf 82' lang='lat' dir='ltr'><strong>ton,</strong></span> <span class='ocrx_word' id='word_1_154' title='bbox 467 4820 658 4884; x_wconf 86' lang='lat' dir='ltr'><strong>nobis</strong></span> <span class='ocrx_word' id='word_1_155' title='bbox 692 4822 1059 4904; x_wconf 69' lang='lat' dir='ltr'><strong>Mes-ring),</strong></span> <span class='ocrx_word' id='word_1_156' title='bbox 1106 4843 1145 4883; x_wconf 85' lang='lat' dir='ltr'><strong>a</strong></span> <span class='ocrx_word' id='word_1_157' title='bbox 1181 4824 1512 4888; x_wconf 82' lang='lat' dir='ltr'><strong>veteribus</strong></span> <span class='ocrx_word' id='word_1_158' title='bbox 1545 4824 1753 4887; x_wconf 86' lang='lat' dir='ltr'><strong>multo</strong></span> 
     </span>
    </p>
   </div>
   <div class='ocr_carea' id='block_1_10' title="bbox 1869 2276 3384 4809">
    <p class='ocr_par' dir='ltr' id='par_1_10' title="bbox 1869 2276 3384 4809">
     <span class='ocr_line' id='line_1_32' title="bbox 1881 2276 3384 2368; baseline -0.001 -22"><span class='ocrx_word' id='word_1_159' title='bbox 1881 2282 2082 2357; x_wconf 69' lang='lat' dir='ltr'><strong>fuisse</strong></span> <span class='ocrx_word' id='word_1_160' title='bbox 2113 2279 2375 2362; x_wconf 84' lang='lat' dir='ltr'><strong>majoris</strong></span> <span class='ocrx_word' id='word_1_161' title='bbox 2406 2276 2832 2356; x_wconf 85' lang='lat' dir='ltr'><strong>aestimatum,</strong></span> <span class='ocrx_word' id='word_1_162' title='bbox 2867 2299 3053 2362; x_wconf 87' lang='lat' dir='ltr'><strong>quam</strong></span> <span class='ocrx_word' id='word_1_163' title='bbox 3088 2302 3384 2368; x_wconf 74' lang='lat' dir='ltr'><strong>cuprum,</strong></span> 
     </span>
     <span class='ocr_line' id='line_1_33' title="bbox 1882 2381 3378 2465; baseline 0.002 -21"><span class='ocrx_word' id='word_1_164' title='bbox 1882 2395 1951 2444; x_wconf 90' lang='lat' dir='ltr'><strong>et</strong></span> <span class='ocrx_word' id='word_1_165' title='bbox 1983 2382 2248 2464; x_wconf 88' lang='lat' dir='ltr'><strong>quidem</strong></span> <span class='ocrx_word' id='word_1_166' title='bbox 2283 2381 2500 2465; x_wconf 89' lang='lat' dir='ltr'><strong>pretio</strong></span> <span class='ocrx_word' id='word_1_167' title='bbox 2533 2381 2746 2443; x_wconf 85' lang='lat' dir='ltr'><strong>altero</strong></span> <span class='ocrx_word' id='word_1_168' title='bbox 2785 2392 2982 2444; x_wconf 86' lang='lat' dir='ltr'><strong>tanto.</strong></span> <span class='ocrx_word' id='word_1_169' title='bbox 3044 2383 3234 2446; x_wconf 80' lang='lat' dir='ltr'><strong>Unde</strong></span> <span class='ocrx_word' id='word_1_170' title='bbox 3268 2396 3378 2447; x_wconf 77' lang='lat' dir='ltr'><strong>ne·</strong></span> 
     </span>
     <span class='ocr_line' id='line_1_34' title="bbox 1880 2481 3377 2568; baseline -0.002 -20"><span class='ocrx_word' id='word_1_171' title='bbox 1880 2483 2168 2548; x_wconf 85' lang='lat' dir='ltr'><strong>cessario</strong></span> <span class='ocrx_word' id='word_1_172' title='bbox 2225 2482 2570 2568; x_wconf 83' lang='lat' dir='ltr'><strong>consequi,</strong></span> <span class='ocrx_word' id='word_1_173' title='bbox 2641 2501 2766 2566; x_wconf 87' lang='lat' dir='ltr'><strong>pro</strong></span> <span class='ocrx_word' id='word_1_174' title='bbox 2828 2481 3060 2546; x_wconf 83' lang='lat' dir='ltr'><strong>eadem</strong></span> <span class='ocrx_word' id='word_1_175' title='bbox 3121 2487 3377 2568; x_wconf 82' lang='lat' dir='ltr'><strong>argenti</strong></span> 
     </span>
     <span class='ocr_line' id='line_1_35' title="bbox 1881 2582 3377 2669; baseline -0.001 -21"><span class='ocrx_word' id='word_1_176' title='bbox 1881 2585 2186 2669; x_wconf 76' lang='lat' dir='ltr'><strong>portione</strong></span> <span class='ocrx_word' id='word_1_177' title='bbox 2258 2585 2470 2647; x_wconf 84' lang='lat' dir='ltr'><strong>minus</strong></span> <span class='ocrx_word' id='word_1_178' title='bbox 2537 2584 2711 2647; x_wconf 87' lang='lat' dir='ltr'><strong>aeris</strong></span> <span class='ocrx_word' id='word_1_179' title='bbox 2781 2586 3131 2647; x_wconf 79' lang='lat' dir='ltr'><strong>monetarii</strong></span> <span class='ocrx_word' id='word_1_180' title='bbox 3191 2582 3377 2663; x_wconf 86' lang='lat' dir='ltr'><strong>ssavi,</strong></span> 
     </span>
     <span class='ocr_line' id='line_1_36' title="bbox 1882 2684 3380 2772; baseline 0.002 -24"><span class='ocrx_word' id='word_1_181' title='bbox 1882 2708 2072 2772; x_wconf 87' lang='lat' dir='ltr'><strong>quam</strong></span> <span class='ocrx_word' id='word_1_182' title='bbox 2118 2685 2342 2770; x_wconf 82' lang='lat' dir='ltr'><strong>Cyprii</strong></span> <span class='ocrx_word' id='word_1_183' title='bbox 2387 2684 2588 2749; x_wconf 83' lang='lat' dir='ltr'><strong>fuisse</strong></span> <span class='ocrx_word' id='word_1_184' title='bbox 2629 2706 3003 2769; x_wconf 87' lang='lat' dir='ltr'><strong>repensum.</strong></span> <span class='ocrx_word' id='word_1_185' title='bbox 3062 2689 3262 2772; x_wconf 83' lang='lat' dir='ltr'><strong>Atqui</strong></span> <span class='ocrx_word' id='word_1_186' title='bbox 3312 2705 3380 2752; x_wconf 88' lang='lat' dir='ltr'><strong>et</strong></span> 
     </span>
     <span class='ocr_line' id='line_1_37' title="bbox 1876 2785 3377 2865; baseline 0 -14"><span class='ocrx_word' id='word_1_187' title='bbox 1876 2790 2114 2851; x_wconf 87' lang='lat' dir='ltr'><strong>mirum</strong></span> <span class='ocrx_word' id='word_1_188' title='bbox 2147 2788 2276 2851; x_wconf 80' lang='lat' dir='ltr'><strong>sibi</strong></span> <span class='ocrx_word' id='word_1_189' title='bbox 2306 2787 2539 2865; x_wconf 78' lang='lat' dir='ltr'><strong>videri,</strong></span> <span class='ocrx_word' id='word_1_190' title='bbox 2573 2785 2674 2852; x_wconf 84' lang='lat' dir='ltr'><strong>re&#39;i</strong></span> <span class='ocrx_word' id='word_1_191' title='bbox 2704 2786 3191 2853; x_wconf 77' lang='lat' dir='ltr'><strong>numismaticae</strong></span> <span class='ocrx_word' id='word_1_192' title='bbox 3217 2792 3377 2854; x_wconf 82' lang='lat' dir='ltr'><strong>scri·</strong></span> 
     </span>
     <span class='ocr_line' id='line_1_38' title="bbox 1873 2889 3381 2977; baseline 0 -22"><span class='ocrx_word' id='word_1_193' title='bbox 1873 2906 2100 2977; x_wconf 87' lang='lat' dir='ltr'><strong>ptores</strong></span> <span class='ocrx_word' id='word_1_194' title='bbox 2126 2904 2474 2977; x_wconf 88' lang='lat' dir='ltr'><strong>utrumque</strong></span> <span class='ocrx_word' id='word_1_195' title='bbox 2504 2891 2679 2954; x_wconf 88' lang='lat' dir='ltr'><strong>hunc</strong></span> <span class='ocrx_word' id='word_1_196' title='bbox 2706 2889 2973 2952; x_wconf 82' lang='lat' dir='ltr'><strong>modum</strong></span> <span class='ocrx_word' id='word_1_197' title='bbox 2998 2891 3235 2974; x_wconf 86' lang='lat' dir='ltr'><strong>passim</strong></span> <span class='ocrx_word' id='word_1_198' title='bbox 3268 2913 3381 2955; x_wconf 88' lang='lat' dir='ltr'><strong>ne-</strong></span> 
     </span>
     <span class='ocr_line' id='line_1_39' title="bbox 1876 2992 3377 3078; baseline -0.001 -21"><span class='ocrx_word' id='word_1_199' title='bbox 1876 2995 2185 3078; x_wconf 83' lang='lat' dir='ltr'><strong>glexisse.</strong></span> <span class='ocrx_word' id='word_1_200' title='bbox 2243 2997 2318 3055; x_wconf 86' lang='lat' dir='ltr'><strong>In</strong></span> <span class='ocrx_word' id='word_1_201' title='bbox 2368 3014 2564 3056; x_wconf 74' lang='lat' dir='ltr'><strong>causa</strong></span> <span class='ocrx_word' id='word_1_202' title='bbox 2602 2992 2809 3056; x_wconf 81' lang='lat' dir='ltr'><strong>fuisse</strong></span> <span class='ocrx_word' id='word_1_203' title='bbox 2858 2993 3211 3071; x_wconf 83' lang='lat' dir='ltr'><strong>existimat,</strong></span> <span class='ocrx_word' id='word_1_204' title='bbox 3258 3016 3377 3058; x_wconf 87' lang='lat' dir='ltr'><strong>seu</strong></span> 
     </span>
     <span class='ocr_line' id='line_1_40' title="bbox 1876 3094 3374 3179; baseline 0.001 -22"><span class='ocrx_word' id='word_1_205' title='bbox 1876 3097 2054 3178; x_wconf 85' lang='lat' dir='ltr'><strong>quod</strong></span> <span class='ocrx_word' id='word_1_206' title='bbox 2103 3118 2294 3159; x_wconf 86' lang='lat' dir='ltr'><strong>causa</strong></span> <span class='ocrx_word' id='word_1_207' title='bbox 2334 3094 2734 3157; x_wconf 85' lang='lat' dir='ltr'><strong>inhaerentis</strong></span> <span class='ocrx_word' id='word_1_208' title='bbox 2769 3095 3098 3179; x_wconf 81' lang='lat' dir='ltr'><strong>aeruginis</strong></span> <span class='ocrx_word' id='word_1_209' title='bbox 3128 3111 3374 3159; x_wconf 77' lang='lat' dir='ltr'><strong>utrum-</strong></span> 
     </span>
     <span class='ocr_line' id='line_1_41' title="bbox 1879 3195 3379 3280; baseline 0.004 -24"><span class='ocrx_word' id='word_1_210' title='bbox 1879 3212 2007 3277; x_wconf 84' lang='lat' dir='ltr'><strong>que</strong></span> <span class='ocrx_word' id='word_1_211' title='bbox 2045 3209 2300 3257; x_wconf 86' lang='lat' dir='ltr'><strong>temere</strong></span> <span class='ocrx_word' id='word_1_212' title='bbox 2333 3195 2819 3276; x_wconf 80' lang='lat' dir='ltr'><strong>permiscuere,</strong></span> <span class='ocrx_word' id='word_1_213' title='bbox 2880 3216 2999 3258; x_wconf 87' lang='lat' dir='ltr'><strong>seu</strong></span> <span class='ocrx_word' id='word_1_214' title='bbox 3042 3199 3219 3280; x_wconf 87' lang='lat' dir='ltr'><strong>quod</strong></span> <span class='ocrx_word' id='word_1_215' title='bbox 3257 3199 3379 3263; x_wconf 85' lang='lat' dir='ltr'><strong>hac</strong></span> 
     </span>
     <span class='ocr_line' id='line_1_42' title="bbox 1876 3294 3378 3382; baseline 0.004 -27"><span class='ocrx_word' id='word_1_216' title='bbox 1876 3310 2097 3358; x_wconf 83' lang='lat' dir='ltr'><strong>nostra</strong></span> <span class='ocrx_word' id='word_1_217' title='bbox 2130 3307 2339 3358; x_wconf 85' lang='lat' dir='ltr'><strong>aetate</strong></span> <span class='ocrx_word' id='word_1_218' title='bbox 2369 3315 2485 3357; x_wconf 83' lang='lat' dir='ltr'><strong>aes</strong></span> <span class='ocrx_word' id='word_1_219' title='bbox 2511 3294 2750 3357; x_wconf 76' lang='lat' dir='ltr'><strong>ssavum</strong></span> <span class='ocrx_word' id='word_1_220' title='bbox 2781 3316 2914 3357; x_wconf 88' lang='lat' dir='ltr'><strong>non</strong></span> <span class='ocrx_word' id='word_1_221' title='bbox 2950 3299 3223 3361; x_wconf 87' lang='lat' dir='ltr'><strong>multum</strong></span> <span class='ocrx_word' id='word_1_222' title='bbox 3256 3302 3378 3382; x_wconf 78' lang='lat' dir='ltr'><strong>Cy-</strong></span> 
     </span>
     <span class='ocr_line' id='line_1_43' title="bbox 1875 3395 3376 3480; baseline 0.005 -21"><span class='ocrx_word' id='word_1_223' title='bbox 1875 3397 2060 3480; x_wconf 87' lang='lat' dir='ltr'><strong>prio,</strong></span> <span class='ocrx_word' id='word_1_224' title='bbox 2106 3395 2361 3480; x_wconf 86' lang='lat' dir='ltr'><strong>pretio,</strong></span> <span class='ocrx_word' id='word_1_225' title='bbox 2407 3409 2474 3458; x_wconf 91' lang='lat' dir='ltr'><strong>et</strong></span> <span class='ocrx_word' id='word_1_226' title='bbox 2518 3395 2788 3474; x_wconf 79' lang='lat' dir='ltr'><strong>valore,</strong></span> <span class='ocrx_word' id='word_1_227' title='bbox 2831 3411 3136 3480; x_wconf 81' lang='lat' dir='ltr'><strong>praestat.</strong></span> <span class='ocrx_word' id='word_1_228' title='bbox 3193 3402 3376 3466; x_wconf 85' lang='lat' dir='ltr'><strong>Haec</strong></span> 
     </span>
     <span class='ocr_line' id='line_1_44' title="bbox 1874 3497 3372 3580; baseline 0 -18"><span class='ocrx_word' id='word_1_229' title='bbox 1874 3499 1979 3563; x_wconf 79' lang='lat' dir='ltr'><strong>vir</strong></span> <span class='ocrx_word' id='word_1_230' title='bbox 2026 3497 2368 3563; x_wconf 60' lang='lat' dir='ltr'><strong>eruditus..</strong></span> <span class='ocrx_word' id='word_1_231' title='bbox 2411 3499 2646 3580; x_wconf 85' lang='lat' dir='ltr'><strong>(Essay</strong></span> <span class='ocrx_word' id='word_1_232' title='bbox 2697 3518 2781 3559; x_wconf 91' lang='lat' dir='ltr'><strong>on</strong></span> <span class='ocrx_word' id='word_1_233' title='bbox 2834 3497 3082 3564; x_wconf 77' lang='lat' dir='ltr'><strong>medals</strong></span> <span class='ocrx_word' id='word_1_234' title='bbox 3135 3502 3289 3568; x_wconf 82' lang='lat' dir='ltr'><strong>Vol.</strong></span> <span class='ocrx_word' id='word_1_235' title='bbox 3325 3508 3372 3568; x_wconf 83' lang='lat' dir='ltr'>L</span> 
     </span>
     <span class='ocr_line' id='line_1_45' title="bbox 1874 3599 3371 3687; baseline 0.002 -22"><span class='ocrx_word' id='word_1_236' title='bbox 1874 3622 1939 3685; x_wconf 88' lang='lat' dir='ltr'><strong>p.</strong></span> <span class='ocrx_word' id='word_1_237' title='bbox 1969 3602 2089 3663; x_wconf 70' lang='lat'><strong>108</strong></span> <span class='ocrx_word' id='word_1_238' title='bbox 2112 3611 2281 3684; x_wconf 87' lang='lat' dir='ltr'><strong>seq.)</strong></span> <span class='ocrx_word' id='word_1_239' title='bbox 2310 3635 2399 3645; x_wconf 91' lang='lat'>—</span> <span class='ocrx_word' id='word_1_240' title='bbox 2436 3599 2700 3682; x_wconf 86' lang='lat' dir='ltr'><strong>Operae</strong></span> <span class='ocrx_word' id='word_1_241' title='bbox 2730 3600 3011 3684; x_wconf 84' lang='lat' dir='ltr'><strong>pretium</strong></span> <span class='ocrx_word' id='word_1_242' title='bbox 3031 3647 3051 3678; x_wconf 86' lang='lat'><strong>,</strong></span> <span class='ocrx_word' id='word_1_243' title='bbox 3081 3601 3148 3663; x_wconf 90' lang='lat' dir='ltr'><strong>in</strong></span> <span class='ocrx_word' id='word_1_244' title='bbox 3180 3603 3371 3687; x_wconf 82' lang='lat' dir='ltr'><strong>hujus</strong></span> 
     </span>
     <span class='ocr_line' id='line_1_46' title="bbox 1874 3698 3372 3785; baseline 0.001 -18"><span class='ocrx_word' id='word_1_245' title='bbox 1874 3703 2215 3767; x_wconf 80' lang='lat' dir='ltr'><strong>veritatem</strong></span> <span class='ocrx_word' id='word_1_246' title='bbox 2270 3698 2494 3785; x_wconf 81' lang='lat' dir='ltr'><strong>judicii</strong></span> <span class='ocrx_word' id='word_1_247' title='bbox 2543 3700 2904 3785; x_wconf 85' lang='lat' dir='ltr'><strong>inquirere.</strong></span> <span class='ocrx_word' id='word_1_248' title='bbox 2966 3702 3372 3780; x_wconf 84' lang='lat' dir='ltr'><strong>Discrimen‚</strong></span> 
     </span>
     <span class='ocr_line' id='line_1_47' title="bbox 1875 3803 3378 3894; baseline 0.003 -28"><span class='ocrx_word' id='word_1_249' title='bbox 1875 3805 2050 3889; x_wconf 79' lang='lat' dir='ltr'><strong>quod</strong></span> <span class='ocrx_word' id='word_1_250' title='bbox 2075 3804 2141 3894; x_wconf 53' lang='lat' dir='ltr'><strong>xis</strong></span> <span class='ocrx_word' id='word_1_251' title='bbox 2179 3803 2248 3863; x_wconf 90' lang='lat' dir='ltr'><strong>in</strong></span> <span class='ocrx_word' id='word_1_252' title='bbox 2281 3803 2496 3865; x_wconf 87' lang='lat' dir='ltr'><strong>numis</strong></span> <span class='ocrx_word' id='word_1_253' title='bbox 2538 3804 2708 3866; x_wconf 83' lang='lat' dir='ltr'><strong>aeris</strong></span> <span class='ocrx_word' id='word_1_254' title='bbox 2745 3804 2930 3884; x_wconf 75' lang='lat' dir='ltr'><strong>ssavi,</strong></span> <span class='ocrx_word' id='word_1_255' title='bbox 2983 3807 3378 3892; x_wconf 69' lang='lat' dir='ltr'><strong>Cypriique,</strong></span> 
     </span>
     <span class='ocr_line' id='line_1_48' title="bbox 1874 3904 3370 3995; baseline 0.003 -25"><span class='ocrx_word' id='word_1_256' title='bbox 1874 3921 1943 3970; x_wconf 91' lang='lat' dir='ltr'><strong>et</strong></span> <span class='ocrx_word' id='word_1_257' title='bbox 1972 3926 2101 3989; x_wconf 86' lang='lat' dir='ltr'><strong>pro</strong></span> <span class='ocrx_word' id='word_1_258' title='bbox 2132 3905 2311 3970; x_wconf 76' lang='lat' dir='ltr'><strong>varia</strong></span> <span class='ocrx_word' id='word_1_259' title='bbox 2351 3904 2614 3989; x_wconf 77' lang='lat' dir='ltr'><strong>quidem</strong></span> <span class='ocrx_word' id='word_1_260' title='bbox 2649 3926 2879 3969; x_wconf 85' lang='lat' dir='ltr'><strong>eorum</strong></span> <span class='ocrx_word' id='word_1_261' title='bbox 2915 3910 3370 3995; x_wconf 78' lang='lat' dir='ltr'><strong>magnitudine</strong></span> 
     </span>
     <span class='ocr_line' id='line_1_49' title="bbox 1874 4007 3369 4097; baseline 0.005 -27"><span class='ocrx_word' id='word_1_262' title='bbox 1874 4028 1945 4070; x_wconf 91' lang='lat' dir='ltr'><strong>se</strong></span> <span class='ocrx_word' id='word_1_263' title='bbox 1994 4007 2325 4091; x_wconf 85' lang='lat' dir='ltr'><strong>reperisse</strong></span> <span class='ocrx_word' id='word_1_264' title='bbox 2375 4007 2710 4085; x_wconf 69' lang='lat' dir='ltr'><strong>adfirmat,</strong></span> <span class='ocrx_word' id='word_1_265' title='bbox 2767 4029 3060 4090; x_wconf 65' lang='lat' dir='ltr'><strong>vereor,</strong></span> <span class='ocrx_word' id='word_1_266' title='bbox 3103 4027 3174 4075; x_wconf 87' lang='lat' dir='ltr'><strong>ut</strong></span> <span class='ocrx_word' id='word_1_267' title='bbox 3222 4016 3369 4097; x_wconf 80' lang='lat' dir='ltr'><strong>jure</strong></span> 
     </span>
     <span class='ocr_line' id='line_1_50' title="bbox 1872 4109 3369 4194; baseline 0.003 -22"><span class='ocrx_word' id='word_1_268' title='bbox 1872 4110 2077 4194; x_wconf 86' lang='lat' dir='ltr'><strong>possit</strong></span> <span class='ocrx_word' id='word_1_269' title='bbox 2111 4109 2499 4192; x_wconf 81' lang='lat' dir='ltr'><strong>praedicari.</strong></span> <span class='ocrx_word' id='word_1_270' title='bbox 2544 4112 2786 4173; x_wconf 85' lang='lat' dir='ltr'><strong>Docuit</strong></span> <span class='ocrx_word' id='word_1_271' title='bbox 2820 4133 2926 4175; x_wconf 89' lang='lat' dir='ltr'><strong>me</strong></span> <span class='ocrx_word' id='word_1_272' title='bbox 2959 4129 3227 4178; x_wconf 84' lang='lat' dir='ltr'><strong>exactor</strong></span> <span class='ocrx_word' id='word_1_273' title='bbox 3272 4118 3369 4180; x_wconf 80' lang='lat' dir='ltr'><strong>of-</strong></span> 
     </span>
     <span class='ocr_line' id='line_1_51' title="bbox 1872 4209 3367 4299; baseline 0.007 -28"><span class='ocrx_word' id='word_1_274' title='bbox 1872 4209 2101 4274; x_wconf 83' lang='lat' dir='ltr'><strong>ficinae</strong></span> <span class='ocrx_word' id='word_1_275' title='bbox 2152 4212 2592 4289; x_wconf 75' lang='lat' dir='ltr'><strong>monetariae,</strong></span> <span class='ocrx_word' id='word_1_276' title='bbox 2662 4233 2825 4297; x_wconf 88' lang='lat' dir='ltr'><strong>quae</strong></span> <span class='ocrx_word' id='word_1_277' title='bbox 2877 4226 2977 4277; x_wconf 85' lang='lat' dir='ltr'><strong>est</strong></span> <span class='ocrx_word' id='word_1_278' title='bbox 3023 4216 3194 4299; x_wconf 80' lang='lat' dir='ltr'><strong>apud</strong></span> <span class='ocrx_word' id='word_1_279' title='bbox 3248 4241 3367 4281; x_wconf 81' lang='lat' dir='ltr'><strong>nos</strong></span> 
     </span>
     <span class='ocr_line' id='line_1_52' title="bbox 1872 4312 3369 4390; baseline 0.001 -12"><span class='ocrx_word' id='word_1_280' title='bbox 1872 4312 2339 4390; x_wconf 85' lang='lat' dir='ltr'><strong>Vindobonae,</strong></span> <span class='ocrx_word' id='word_1_281' title='bbox 2382 4337 2416 4377; x_wconf 86' lang='lat' dir='ltr'><strong>a</strong></span> <span class='ocrx_word' id='word_1_282' title='bbox 2456 4334 2562 4377; x_wconf 79' lang='lat' dir='ltr'><strong>me</strong></span> <span class='ocrx_word' id='word_1_283' title='bbox 2605 4316 2973 4390; x_wconf 84' lang='lat' dir='ltr'><strong>consultus,</strong></span> <span class='ocrx_word' id='word_1_284' title='bbox 3025 4331 3092 4379; x_wconf 81' lang='lat' dir='ltr'><strong>et</strong></span> <span class='ocrx_word' id='word_1_285' title='bbox 3133 4317 3216 4380; x_wconf 81' lang='lat' dir='ltr'><strong>ad</strong></span> <span class='ocrx_word' id='word_1_286' title='bbox 3258 4340 3369 4382; x_wconf 77' lang='lat' dir='ltr'><strong>ex·</strong></span> 
     </span>
     <span class='ocr_line' id='line_1_53' title="bbox 1869 4414 3368 4498; baseline 0.004 -22"><span class='ocrx_word' id='word_1_287' title='bbox 1869 4414 2225 4498; x_wconf 82' lang='lat' dir='ltr'><strong>plorandos</strong></span> <span class='ocrx_word' id='word_1_288' title='bbox 2259 4436 2492 4477; x_wconf 88' lang='lat' dir='ltr'><strong>numos</strong></span> <span class='ocrx_word' id='word_1_289' title='bbox 2522 4416 2731 4477; x_wconf 82' lang='lat' dir='ltr'><strong>musei</strong></span> <span class='ocrx_word' id='word_1_290' title='bbox 2762 4417 3065 4481; x_wconf 77' lang='lat' dir='ltr'><strong>Caesarei</strong></span> <span class='ocrx_word' id='word_1_291' title='bbox 3098 4423 3368 4486; x_wconf 83' lang='lat' dir='ltr'><strong>arcessi·</strong></span> 
     </span>
     <span class='ocr_line' id='line_1_54' title="bbox 1869 4499 3366 4608; baseline 0.007 -32"><span class='ocrx_word' id='word_1_292' title='bbox 1869 4529 2010 4593; x_wconf 87' lang='lat' dir='ltr'><strong>tus,</strong></span> <span class='ocrx_word' id='word_1_293' title='bbox 2047 4499 2298 4578; x_wconf 80' lang='lat' dir='ltr'><strong>nullutn</strong></span> <span class='ocrx_word' id='word_1_294' title='bbox 2333 4537 2415 4579; x_wconf 87' lang='lat' dir='ltr'><strong>ex</strong></span> <span class='ocrx_word' id='word_1_295' title='bbox 2462 4515 2578 4594; x_wconf 84' lang='lat' dir='ltr'><strong>iis,</strong></span> <span class='ocrx_word' id='word_1_296' title='bbox 2624 4539 2785 4602; x_wconf 89' lang='lat' dir='ltr'><strong>quos</strong></span> <span class='ocrx_word' id='word_1_297' title='bbox 2825 4519 2889 4581; x_wconf 88' lang='lat' dir='ltr'><strong>ei</strong></span> <span class='ocrx_word' id='word_1_298' title='bbox 2920 4521 3225 4608; x_wconf 82' lang='lat' dir='ltr'><strong>copiosos</strong></span> <span class='ocrx_word' id='word_1_299' title='bbox 3253 4546 3366 4586; x_wconf 79' lang='lat' dir='ltr'><strong>ex-</strong></span> 
     </span>
     <span class='ocr_line' id='line_1_55' title="bbox 1869 4618 3364 4704; baseline 0.009 -27"><span class='ocrx_word' id='word_1_300' title='bbox 1869 4618 2246 4694; x_wconf 84' lang='lat' dir='ltr'><strong>hibueram,</strong></span> <span class='ocrx_word' id='word_1_301' title='bbox 2306 4637 2510 4703; x_wconf 83' lang='lat' dir='ltr'><strong>cupro</strong></span> <span class='ocrx_word' id='word_1_302' title='bbox 2555 4641 2722 4704; x_wconf 89' lang='lat' dir='ltr'><strong>puro</strong></span> <span class='ocrx_word' id='word_1_303' title='bbox 2772 4634 3106 4700; x_wconf 87' lang='lat' dir='ltr'><strong>constare,</strong></span> <span class='ocrx_word' id='word_1_304' title='bbox 3161 4639 3227 4689; x_wconf 91' lang='lat' dir='ltr'><strong>et</strong></span> <span class='ocrx_word' id='word_1_305' title='bbox 3277 4650 3364 4691; x_wconf 83' lang='lat' dir='ltr'><strong>ne</strong></span> 
     </span>
     <span class='ocr_line' id='line_1_56' title="bbox 1872 4720 3366 4809; baseline 0.009 -29"><span class='ocrx_word' id='word_1_306' title='bbox 1872 4720 2135 4804; x_wconf 87' lang='lat' dir='ltr'><strong>quidem</strong></span> <span class='ocrx_word' id='word_1_307' title='bbox 2161 4742 2275 4784; x_wconf 84' lang='lat' dir='ltr'><strong>eos</strong></span> <span class='ocrx_word' id='word_1_308' title='bbox 2304 4722 2554 4784; x_wconf 88' lang='lat' dir='ltr'><strong>moduli</strong></span> <span class='ocrx_word' id='word_1_309' title='bbox 2585 4723 2876 4801; x_wconf 88' lang='lat' dir='ltr'><strong>minoris,</strong></span> <span class='ocrx_word' id='word_1_310' title='bbox 2906 4747 3067 4809; x_wconf 88' lang='lat' dir='ltr'><strong>quos</strong></span> <span class='ocrx_word' id='word_1_311' title='bbox 3095 4728 3366 4792; x_wconf 77' lang='lat' dir='ltr'><strong>Pinker-</strong></span> 
     </span>
    </p>
   </div>
   <div class='ocr_carea' id='block_1_11' title="bbox 1868 4823 3367 4991">
    <p class='ocr_par' dir='ltr' id='par_1_11' title="bbox 1868 4823 3367 4991">
     <span class='ocr_line' id='line_1_57' title="bbox 1868 4823 3367 4910; baseline 0.007 -25"><span class='ocrx_word' id='word_1_312' title='bbox 1868 4835 2060 4887; x_wconf 84' lang='lat' dir='ltr'><strong>tonus</strong></span> <span class='ocrx_word' id='word_1_313' title='bbox 2097 4845 2178 4887; x_wconf 82' lang='lat' dir='ltr'><strong>ex</strong></span> <span class='ocrx_word' id='word_1_314' title='bbox 2211 4845 2365 4888; x_wconf 89' lang='lat' dir='ltr'><strong>aere</strong></span> <span class='ocrx_word' id='word_1_315' title='bbox 2398 4826 2638 4910; x_wconf 82' lang='lat' dir='ltr'><strong>Cyprio</strong></span> <span class='ocrx_word' id='word_1_316' title='bbox 2666 4823 2853 4890; x_wconf 75' lang='lat' dir='ltr'><strong>flatos</strong></span> <span class='ocrx_word' id='word_1_317' title='bbox 2877 4827 3172 4893; x_wconf 83' lang='lat' dir='ltr'><strong>adfirmat</strong></span> <span class='ocrx_word' id='word_1_318' title='bbox 3194 4876 3214 4905; x_wconf 85' lang='lat'><strong>,</strong></span> <span class='ocrx_word' id='word_1_319' title='bbox 3254 4853 3367 4896; x_wconf 89' lang='lat' dir='ltr'><strong>ne·</strong></span> 
     </span>
     <span class='ocr_line' id='line_1_58' title="bbox 2733 4930 2875 4991; baseline 0.007 -1"><span class='ocrx_word' id='word_1_320' title='bbox 2733 4930 2788 4990; x_wconf 71' lang='lat' dir='ltr'>A</span> <span class='ocrx_word' id='word_1_321' title='bbox 2837 4948 2875 4991; x_wconf 74' lang='lat'>2</span> 
     </span>
    </p>
   </div>
  </div>
 </body>
</html>
