4388 5576
1327 478 1342 491 .
1413 451 1420 456 ·
1531 406 2104 486 IVLIANVS
2158 406 2266 478 Π.

480 599 730 663 Ναωυι
748 618 811 678 7.
845 592 1113 668 exhibet
1135 595 1337 657 Deum
1353 602 1641 655 sanctum
1657 596 1854 655 Sem-

344 705 601 781 pe‘dem,
646 713 715 763 et
752 703 955 760 Deum
985 706 1275 759 sanctum
1300 698 1560 771 Nilum,
1607 695 1853 756 utrum·

356 822 486 886 que
510 801 696 866 cultu
746 800 969 863 solito.
1055 798 1161 858 De
1206 808 1487 876 utroque
1526 795 1680 857 alias
1718 815 1857 858 sas·

354 926 442 990 pe
479 927 518 968 a
565 924 673 967 me
700 914 935 974 ,actum
967 946 996 978 ‚7
1048 918 1122 961 ac
1151 898 1503 982 praecipue
1549 896 1700 962 Vol.
1745 897 1858 972 XV.

357 1029 423 1090 p.
474 1025 558 1090 29
606 1020 674 1068 et
721 1002 831 1067 3b.
943 1000 1165 1066 Nilum
1206 1001 1289 1062 ab
1338 999 1660 1081 indigenis
1706 997 1860 1060 reli·

361 1112 549 1196 giose
585 1112 835 1173 cultum
887 1117 1152 1188 praeter
1183 1101 1349 1163 alios
1401 1113 1675 1163 testatur
1702 1120 1862 1184 quo·

368 1211 497 1297 (Ine
523 1210 854 1276 Eusebius
886 1209 986 1291 ⁸),
1031 1217 1102 1267 et
1155 1203 1403 1276 diserte
1435 1216 1710 1267 testatur
1744 1203 1864 1266 So·

365 1333 685 1392 zomenus
735 1307 840 1390 b),
917 1308 983 1371 ei
1045 1326 1128 1368 ex
1187 1305 1482 1368 instituto
1540 1304 1861 1394 majorum

359 1417 567 1492 fuisse
602 1412 1072 1486 sacrificatum,
1113 1424 1198 1483 ut,
1224 1409 1491 1472 uberius
1533 1422 1865 1490 restagna-

363 1533 496 1584 ται.
579 1515 684 1579 Ad
741 1514 917 1578 hunc
969 1521 1277 1588 numum,
1347 1513 1459 1594 qui
1508 1523 1862 1593 utrumque

364 1622 543 1683 hunc
588 1618 787 1682 deum
830 1616 1249 1700 conjunctum
1295 1613 1613 1688 exhibet,
1660 1611 1866 1676 servit

364 1721 546 1807 quod
589 1734 813 1800 narrat
849 1721 1259 1784 sozomenus
1291 1716 1350 1797 c)
1374 1759 1392 1792 ,
1447 1714 1865 1797 praecepisse

364 1826 726 1900 lulianum,
788 1835 861 1886 ut
889 1821 1158 1885 cubitus
1201 1817 1336 1880 Nili
1388 1816 1565 1897 juxta
1608 1836 1864 1878 morem

364 1927 688 2010 majorum
754 1922 837 1987 ad
882 1924 1199 2005 templum
1260 1919 1593 2003 Serapidis
1647 1917 1867 1979 deser-

361 2044 584 2105 retur,
640 2046 792 2092 cum
831 2025 1014 2096 annis
1062 2024 1369 2110 proxime
1416 2018 1865 2103 superioribus

363 2134 549 2215 jussu
579 2127 987 2197 Constantini
1019 2130 1116 2192 Μ.
1144 2127 1225 2189 ad
1273 2124 1617 2210 ecclesiam
1651 2134 1869 2205 porta-r

363 2247 576 2314 retur.
664 2231 976 2315 Denique
1027 2242 1187 2313 apte„
1221 2229 1287 2289 in
1340 2228 1443 2290 his
1480 2226 1695 2289 numis
1728 2215 1868 2306 jun·

364 2348 616 2421 guntur
649 2333 916 2415 Serapis
953 2350 1024 2395 ac
1047 2331 1267 2406 Nilus,
1316 2331 1463 2414 qaia
1494 2328 1610 2389 ille
1642 2324 1870 2390 crede-

363 2442 562 2504 batur
606 2436 834 2500 Nilum
883 2432 964 2496 ad
1012 2431 1383 2517 irrigandos
1429 2449 1622 2516 agros
1672 2425 1869 2491 addu-

364 2562 572 2619 cere,
617 2538 904 2626 ejusque
937 2555 1179 2618 regere
1244 2548 1313 2597 et
1354 2529 1760 2596 incrementa
1801 2541 1870 2592 et

368 2645 800 2710 decrementa
843 2634 928 2722 d).
1330 2688 1343 2700 .

498 2742 771 2829 Reliqui
802 2741 936 2826 typi
970 2738 1038 2803 in
1071 2738 1173 2802 his
1202 2736 1486 2821 Aegypti
1517 2735 1729 2799 numis
1759 2746 1873 2799 aut

372 2845 811 2913 memorabile
847 2842 1013 2905 nihil
1065 2841 1440 2915 continent,
1493 2852 1604 2902 aut
1655 2839 1709 2902 si
1747 2861 1873 2924 qua

372 2965 563 3028 sunt,
619 2949 755 3033 jam
806 2947 959 3010 satis
1005 2943 1072 3008 in
1120 2956 1386 3008 moneta
1427 2941 1715 3025 Aegypti
1764 2962 1874 3006 ex-

367 3055 613 3140 plicata
649 3051 864 3115 fuere.
1136 3112 1149 3128 ,

505 3157 700 3220 Num.
753 3174 847 3238 tq.
887 3170 993 3216 20.
1038 3148 1291 3233 Signati
1325 3146 1712 3217 Antiochiae
1756 3146 1885 3227 Sy·-

371 3260 554 3336 rine‚
595 3271 667 3322 et
696 3257 825 3338 jam
866 3252 1123 3318 recitati
1153 3254 1217 3313 in
1254 3251 1392 3334 ejus
1428 3248 1611 3310 urbis
1654 3267 1875 3310 mone-

381 3376 468 3427 ta.
554 3363 770 3425 Etiam
809 3358 929 3423 hos
965 3356 1329 3441 imperante
1361 3340 1614 3414 Iuliano
1664 3369 1876 3412 emer·

382 3466 547 3535 sisse
590 3460 953 3525 verisimile
1012 3470 1133 3522 est.
1219 3455 1451 3518 Antica
1512 3451 1876 3517 offertGe·

366 3560 562 3631 &um
599 3566 1021 3633 Antiochen&
1063 3558 1131 3620 id
1167 3573 1313 3621 est:
1371 3553 1617 3640 populi,
1661 3553 1878 3636 specie

384 3666 681 3739 mulieris
711 3662 985 3727 turritae
1016 3659 1219 3725 fluvio
1254 3660 1476 3722 subtus
1513 3655 1880 3740 emergenti

383 3788 585 3853 super
644 3765 919 3852 scopulo
963 3762 1355 3839 adsidentis,
1416 3761 1499 3823 de
1558 3780 1684 3844 qua
1725 3759 1881 3821 ima-

386 3872 538 3955 gine
579 3869 728 3933 vide
762 3888 927 3953 quae
967 3867 1268 3933 diximus-
1298 3865 1365 3925 in
1405 3864 1616 3926 numis
1653 3861 1878 3925 Antio-

385 3974 634 4036 chenis.
723 3969 1033 4052 Apertius
1063 3958 1370 4029 scribitur
1401 3965 1469 4027 in
1505 3964 1717 4027 numis
1749 3965 1879 4026 Ro·

384 4076 588 4139 manis
639 4072 787 4136 aevi
830 4068 1304 4134 Diocletianei:
1386 4067 1684 4161 GENIQ.
1729 4066 1880 4130 Po-

382 4177 608 4241 PVLI.
648 4173 1020 4238 ROMANI.
1080 4174 1182 4239 De
1210 4170 1424 4255 geniis
1458 4169 1876 4254 populorum,

383 4280 681 4355 urbium,
723 4278 1029 4342 locorum
1068 4288 1205 4339 etc.
1230 4320 1247 4352 ,
1307 4293 1584 4360 quorum
1628 4271 1877 4353 tutelae

449 4534 519 4598 a)
552 4478 695 4588 viis
734 4528 941 4587 Const.
965 4526 1042 4585 'L
1081 4524 1187 4585 tv.
1227 4544 1275 4582 c.
1315 4535 1406 4588 25.

375 4624 443 4682 P.
481 4620 555 4685 Π.
595 4640 733 4700 pag.
774 4621 902 4685 236.

372 4734 438 4774 n.
478 4724 533 4777 3.

1590 4522 1658 4596 b)
1696 4521 1830 4582 Vn.
1872 4543 1920 4583 c.
1962 4535 2073 4584 20.·

1118 4620 1177 4690 e)
1217 4614 1302 4674 ad·
1333 4613 1578 4676 Eusebii
1612 4615 1905 4692 Martyres
1943 4613 2191 4675 Palaest.
2234 4633 2283 4674 c.
2324 4614 2423 4674 XI.

3311 433 3446 505 141

1968 589 2209 674 singuli
2250 589 2578 653 commissi
2628 587 2853 668 fuere,
2905 594 3103 659 multa
3138 599 3205 661 in
3248 603 3459 665 vario-

1967 712 2110 752 rum
2175 691 2582 760 eruditorum
2648 694 2957 777 operibus
3001 684 3313 785 congesta
3353 724 3459 772 re·

1969 792 2215 878 peries.
2301 792 2405 856 Ad
2440 794 2831 876 populorum
2856 841 2873 873 ‚
2921 799 3309 889 urbiumque
3348 775 3462 889 ge-

1972 895 2117 955 nios
2166 895 2342 978 quod
2389 899 2655 971 attinet,
2714 897 2799 961 de
2844 900 3076 982 quibus
3113 891 3286 971 nunc
3328 922 3464 971 tan·

1973 1011 2107 1059 tum
2140 997 2328 1059 nobis
2360 1019 2615 1090 sefrmo,
2659 999 2972 1065 habemus
3016 1005 3081 1066 in
3111 1007 3325 1082 numia
3357 1010 3467 1073 Ni-

1974 1120 2169 1163 caeae
2206 1100 2586 1181 Bithyniae:
2630 1098 2759 1162 AF
2766 1100 2979 1170 ΑΘΗ.
3023 1103 3304 1174 ΤΤΧΗ.
3336 1108 3469 1172 Nl..

1974 1200 2391 1279 KAiEssN,
2436 1203 2499 1262 in
2519 1205 2730 1265 nuruis
2751 1197 3032 1289 Ephesi:
3086 1208 3467 1276 TO.APA-

1981 1300 2192 1365 ΘΟΝ.
2217 1297 2681 1390 ΕΦΕΟῙΩΝ,
2712 1289 3483 1389 frequentissime'solum⁴
3612 1259 3623 1272 ⁸

1981 1401 2276 1484 TTXH,
2320 1420 2481 1484 aut„
2529 1419 2600 1468 ut
2639 1408 2708 1470 in
2754 1412 2967 1474 numis
3013 1412 3292 1476 Germes
3332 1418 3471 1500 My-

1978 1506 2152 1582 siae,
2241 1522 2308 1570 et
2376 1512 2647 1571 Attaeae
2735 1511 3098 1597 Phrygiae:
3190 1512 3469 1582 TTXH.

1981 1603 2406 1673 ΠΟΛΕΩΟ.
2453 1609 2857 1674 Graecorum
2911 1615 3119 1700 Τυχηυ
3160 1616 3334 1681 idem
3372 1619 3470 1682 fu·

1977 1708 2137 1785 isse,
2201 1707 2372 1793 quod
2430 1711 2810 1775 Latinorum
2875 1721 3183 1792 Genium,
3248 1719 3472 1785 docuit

1975 1810 2313 1874 ‘Charisius
2343 1815 2822 1896 grammaticus·
2885 1821 3032 1879 Non
3074 1831 3285 1882 tamen
3319 1844 3469 1906 pro·

1977 1926 2207 1997 pterea
2252 1915 2572 1978 erravisse
2621 1915 2883 1978 dicendi
2944 1922 3471 2009 sunt-interpre-
3526 1948 3551 1974 ··

1978 2026 2123 2088 tes,
2171 2015 2284 2097 qui
2332 2015 2542 2100 Τυχηι
2594 2031 2933 2080 verterunt
2975 2026 3353 2105 Fortunam,
3399 2046 3497 2095 ut-

1983 2137 2098 2178 eos
2121 2117 2445 2179 erravisse
2473 2120 2690 2181 statuit
2709 2121 3035 2185 Henricus
3055 2125 3355 2192 Valesius
3387 2135 3465 2215 e),
3588 2158 3595 2164 t

1981 2219 2213 2302 Neque
2277 2219 2450 2283 enim
2523 2221 2717 2285 facile
2778 2223 3090 2302 evicerit,
3162 2233 3338 2313 quod
3381 2238 3472 2299 vi..

1982 2343 2127 2384 sum
2188 2322 2315 2385 fuit
2354 2324 2695 2401 Charisio‚
2760 2325 2970 2390 visum
3030 2327 3243 2396 fuisse
3277 2338 3475 2401 etiam

1982 2425 2287 2492 diversae
2335 2428 2561 2502 aetati,
2622 2429 3276 2514 variisque‘populis.
3364 2442 3478 2507 Vi.

1983 2528 2253 2614 demus,
2302 2533 2579 2605 Genios,
2628 2535 2978 2609 Fortunas,
3032 2540 3288 2601 Tutelas
3318 2529 3484 2604 noni

1983 2651 2314 2716 nunquam
2382 2652 2419 2692 a
2474 2631 2808 2695 veteribus
2874 2615 3217 2721 distingui,
3280 2657 3353 2704 us
3407 2646 3476 2707 in

1984 2753 2316 2798 marmore
2389 2731 2559 2818 apud
2610 2731 2945 2797 Maffeium
3009 2738 3100 2818 0:
3175 2742 3475 2814 GENIO.

1987 2840 2130 2903 ET.
2230 2836 2744 2905 FORTVNAE.
2847 2841 3475 2938 TVTELAEQVE.

1987 2942 2285 3011 HVIVS.
2321 2939 2563 3013 LOCI,
2626 2953 2690 3002 at
2742 2957 2993 3021 constat
3041 2950 3269 3023 etiam,
3316 2954 3479 3017 haec

1991 3044 2289 3117 numina,
2353 3042 2475 3105 etsi
2533 3064 2567 3105 a
2627 3043 2821 3104 variis
2891 3034 3171 3113 discreta
3232 3034 3503 3135 demnis,

1990 3160 2206 3209 tamen
2244 3158 2518 3234 propter
2560 3143 2878 3230 descripti
2922 3152 3209 3216 muneris
3258 3157 3481 3220 adfini·

1991 3262 2187 3312 tatem
2231 3267 2426 3329 saepe
2464 3247 2665 3309 fuisse
2704 3265 3067 3331 permutata
3107 3270 3300 3340 atque
3330 3283 3482 3325 con·
3533 3260 3546 3271 “

1991 3350 2169 3425 susa,
2232 3350 2404 3432 quod
2459 3348 2606 3410 fieri
2648 3352 2819 3414 solet
2865 3374 2938 3415 ac
2989 3356 3221 3434 debet,
3288 3380 3484 3445 quan-

1996 3452 2079 3512 do
2130 3450 2368 3533 judicia
2420 3450 2485 3511 in
2530 3452 2739 3514 rebus
2789 3466 2975 3518 extra
3028 3472 3320 3522 naturam
3367 3465 3484 3528 hu-

1995 3566 2245 3615 manam
2301 3552 2527 3636 positis
2597 3574 2632 3615 a
2689 3557 3081 3638 populorum
3151 3562 3480 3643 opinione,

1996 3672 2289 3741 etsaepe
2327 3656 2578 3738 privato
2598 3656 3002 3739 singulorum
3038 3662 3307 3727 arbitrio
3328 3689 3484 3749 pen-

1995 3760 2173 3823 dent.
2260 3759 2382 3820 His
2441 3757 2651 3848 geniis
2706 3761 3064 3845 oppidanos
3102 3766 3280 3828 urbis
3329 3791 3483 3834 suae

1995 3863 2264 3927 tutelam
2307 3860 2704 3938 credidisse,
2748 3865 2816 3924 in
2848 3866 3082 3950 vulgus
3113 3882 3374 3947 notum,
3422 3891 3487 3935 at

1991 3986 2123 4027 non
2184 3963 2466 4047 perinde
2512 3965 2885 4050 cognitum,
2949 3970 3182 4033 iisdem
3232 3973 3332 4035 his
3379 3996 3493 4056 ge..L

1993 4068 2118 4130 niis
2161 4089 2345 4131 suum
2395 4068 2589 4131 etiam
2640 4070 2918 4151 natalem
2951 4075 3152 4136 fuisse
3195 4075 3487 4160 adsigna·

1977 4174 2153 4234 tum.
2241 4169 2476 4232 Narrat.
2533 4170 2685 4235 loco
2742 4195 2892 4238 mox
2952 4177 3237 4253 indicato
3278 4181 3487 4245 Euse-

1992 4271 2178 4347 bius,
2256 4271 2612 4359 Adrianum
2676 4279 2983 4360 martyrio
3052 4281 3252 4342 fuisse
3309 4255 3487 4345 adfe-

2835 4490 2904 4601 d>
2942 4528 3244 4607 tantone}
3283 4533 3486 4591 rami„

2636 4617 2696 4693 s)
2734 4619 2882 4678 Mus.
2922 4618 3145 4684 veron,
3184 4644 3317 4701 pag.
3354 4635 3483 4690 313.

2234 4528 2292 4602 c)
2332 4525 2397 4583 L.
2416 4523 2489 4583 V.
2528 4545 2580 4585 c.
2617 4538 2672 4594 3.
