4388 5576
885 625 1030 694 DE
1085 617 1598 695 IOSEPHO
1664 619 2729 720 aniame-emmer.
3248 636 3372 685 xm

263 807 808 866 restauraturus
858 809 1095 883 esset,
1148 791 1520 865 edendum
1561 791 2010 891 susciperet,
2060 774 2467 895 Anst‘zsst,
2533 790 2863 864 libellum
2904 791 2973 886 ει)
3017 770 3360 890 praemit·

266 924 568 998 tendum
617 924 938 1024 putavit,
993 950 1146 1023 quo
1192 925 1560 999 elementa
1613 925 1725 998 rei
1784 927 2160 1000 numeriae
2210 926 2289 997 in
2335 951 2543 1000 usum
2588 942 2934 1024 tyronum
2980 952 3065 1000 ea
3108 944 3360 1001 mente

263 1059 689 1159 proposuit,
746 1074 829 1130 ut
880 1038 1257 1133 literarum
1301 1056 1655 1147 studiosi,
1705 1060 2005 1158 cognita
2071 1062 2179 1133 rei
2240 1060 2595 1159 gravitate
2655 1075 2730 1131 et
2786 1043 3357 1159 pulchritudine,

263 1192 358 1265 ad
400 1191 726 1270 studium
776 1192 1363 1266 numismaticum
1411 1192 1915 1265 invitarentur.
1985 1197 2247 1292 Itaque
2309 1194 2389 1265 in
2431 1194 2576 1267 hoc
2635 1193 2894 1266 libello
2935 1193 3363 1269 elementari

263 1342 621 1400 summam
661 1324 772 1397 rei
825 1325 1205 1399 numeriae
1245 1325 1572 1399 breviter
1626 1327 1962 1425 exposuit
2003 1342 2079 1399 et
2114 1329 2220 1403 VI
2267 1325 2539 1400 tabulis
2579 1326 2890 1477 adjectis
2927 1351 3190 1401 numos
3228 1352 3360 1401 no·

260 1477 420 1535 tatu
452 1458 930 1558 dignissimos
969 1459 1568 1558 repraesentavit.

454 1597 742 1671 Auctor
782 1611 1079 1687 noster,
1130 1619 1574 1695 quamquam
1620 1591 1866 1666 studio
1904 1619 2295 1667 numorum
2335 1615 2516 1694 prae
2565 1590 2881 1668 caeteris
2925 1611 3357 1696 occupatus,

259 1748 505 1804 tamen
550 1730 631 1801 in
674 1729 1014 1803 omnibus
1069 1730 1404 1829 partibus
1432 1728 2015 1831 Archaeol‘ogiae
2058 1728 2468 1826 aequaliter
2505 1746 2836 1802 versatus
2883 1728 3048 1802 fuit.
3135 1731 3357 1804 Prae-

263 1884 463 1937 terea
504 1863 1060 1962 amplitudinem
1096 1865 1540 1937 eruditionis
1582 1864 1923 1936 acumine
1955 1861 2217 1962 judicii
2255 1879 2332 1936 et
2368 1864 2643 1961 ingenii
2683 1863 3054 1961 elegantia
3091 1888 3360 1961 aequa·

162 2028 165 2039 >
261 1998 379 2069 vit.
435 1999 667 2097 Cujus
704 1996 814 2069 rei
854 1996 1266 2098 exemplum
1314 1997 1520 2071 dedit
1574 1996 1655 2069 in
1711 1996 2172 2094 expositione
2218 2021 2349 2070 sua
2400 2023 2850 2095 gemmarum
2889 1996 3130 2071 Musei
3171 1997 3355 2070 Cae·

259 2130 447 2202 sarei
487 2130 972 2219 Viennensis,
1028 2157 1335 2229 quarum
1379 2130 2003 2232 praestantissima
2036 2131 2477 2230 exemplaria
2508 2133 2589 2203 in
2627 2130 2774 2205 hoc
2808 2154 3034 2230 opere
3076 2130 3356 2228 magni-

257 2263 400 2338 fico
446 2262 832 2361 descripsit
869 2262 971 2356 b).

332 2408 345 2417 “
452 2399 616 2470 Hoc
658 2397 957 2495 quidem
995 2396 1375 2486 Museum,
1426 2422 1470 2471 a
1521 2422 1671 2496 quo
1711 2397 2371 2497 temporeEclzhel
2426 2399 2588 2496 ejus
2644 2396 2897 2473 custos
2940 2398 3348 2488 exsisteret,

258 2557 710 2629 gemmarum
752 2530 1140 2622 thesauris,
1181 2546 1256 2603 et
1284 2557 1325 2604 a
1370 2531 1556 2604 duce
1573 2531 2100 2628 Lotharingiae
2142 2540 2218 2602 et
2259 2530 2428 2602 olim
2467 2530 2545 2602 in
2584 2547 2823 2603 castro
2850 2531 3352 2604 Ambrasiensi

254 2664 684 2764 provinciae
708 2662 1001 2762 Tyrolis
1042 2662 1403 2753 collectis,
1449 2665 1754 2736 ditatum
1783 2664 2029 2736 fuerat
2048 2690 2096 2758 3<
2126 2689 2376 2736 verum
2410 2678 2668 2735 auctor
2708 2681 2965 2736 noster
3010 2665 3089 2734 in
3125 2689 3350 2763 opere

255 2825 392 2873 suo
436 2825 591 2873 non
613 2824 908 2871 omnem
940 2797 1179 2870 Musei
1223 2799 1537 2897 copiam,
1587 2798 1722 2888 sed
1761 2822 1885 2871 eas
1926 2797 2326 2896 praecipue
2359 2823 2682 2895 gemmas
2709 2797 3178 2871 illustrandas
3212 2821 3346 2896 pu-

257 2935 470 3023 tavit,
530 2961 721 3033 quae
754 2932 870 3006 vel
908 2932 1412 3030 magnitudine
1457 2958 1589 3006 sua
1628 2933 1746 3006 vel
1780 2933 2082 3034 objecto
2133 2933 2599 3016 excellerent.
2639 2931 3053 3031 Explicatio
3095 2948 3347 3006 aucto-

256 3069 357 3139 ris
404 3067 641 3138 nostri
687 3067 1023 3162 exemplo
1064 3066 1382 3161 proponi
1416 3083 1664 3163 potest
1711 3067 2056 3140 omnibus
2083 3119 2105 3156 ,
2156 3067 2606 3164 quicumque
2644 3066 2863 3166 hujus
2917 3067 3211 3164 generis
3243 3066 3347 3137 la·

259 3198 575 3271 boribus
614 3214 1099 3294 occupantur.
1154 3197 1327 3266 Non
1369 3198 1563 3266 enim
1611 3198 1934 3269 imitatus
1975 3215 2088 3270 est
2127 3198 2294 3268 illos
2313 3195 2896 3294 Archaeologiae
2932 3199 3352 3296 scriptores,

261 3332 419 3429 qui,
463 3330 632 3401 dum
673 3328 922 3401 omnia
964 3328 1355 3426 explicare,
1409 3329 1655 3401 omnia
1694 3329 1787 3401 ad
1826 3327 2357 3428 mythologiam
2400 3327 2871 3402 historiamve
2908 3331 3190 3403 referre
3220 3354 3342 3402 co·

260 3482 548 3553 nantur,
584 3463 1205 3562 pulchritudinem
1233 3463 1407 3533 artis
1436 3463 1824 3560 negligunt
1839 3491 1865 3556 3
1893 3487 2139 3560 neque
2176 3464 2316 3533 hos
2352 3479 2464 3533 est
2488 3479 2874 3559 sequutus,
2920 3463 3073 3560 qui,
3126 3464 3347 3537 unice

261 3600 600 3699 occupati
635 3596 1181 3696 pulchritudine
1220 3596 1416 3685 artie,
1456 3615 1722 3670 cuncta
1761 3597 2233 3695 posthabent,
2282 3621 2477 3694 quae
2521 3595 2615 3667 ad
2657 3596 3187 3695 mythologiam
3231 3597 3341 3667 hi-

262 3735 655 3807 stor-iamve
692 3730 1193 3805 illustrandam
1228 3730 1477 3804 facere
1502 3731 1828 3804 valeant:
1882 3731 2013 3804 sed
2049 3731 2356 3802 mediam
2402 3729 2585 3801 viam
2623 3730 2815 3803 inter
2852 3731 3344 3830 prolixitatem

257 3866 583 3965 Begeri
634 3884 710 3939 et
762 3863 1232 3939 Gravellei
1286 3864 1689 3938 siccitatem
1743 3866 2118 3962 ingressus
2165 3881 2300 3936 est.
2377 3865 2934 3962 Descriptiones
2978 3869 3138 3968 ejus
3176 3871 3349 3944 bre·

258 4028 384 4074 ves
432 4019 506 4073 et
550 4001 1018 4089 succinctae,
1073 3997 1510 4097 perspicuae
1576 4017 1653 4071 et
1707 3981 2158 4097 adaequatae
2175 4031 2204 4098 3
2253 3998 2728 4085 nihilominus
2782 4019 3028 4076 tamen
3078 4003 3345 4103 plenae

255 4154 427 4209 sunt
464 4136 1008 4233 ingeniosarum
1034 4133 1669 4221 observationum,
1722 4151 1797 4205 et
1829 4134 2155 4226 idearum
2196 4160 2546 4207 novarum
2570 4185 2594 4223 ,
2649 4159 2840 4231 quae
2881 4162 3035 4210 non
3072 4139 3214 4212 nisi
3249 4140 3343 4214 ab

260 4272 559 4343 homine
605 4296 928 4343 summae
972 4267 1407 4341 eruditionis
1444 4284 1518 4341 et
1559 4268 1892 4341 acerrimi
1935 4267 2240 4369 judicii,
2294 4268 2574 4367 quique
2616 4294 2871 4342 omnes
2914 4286 3164 4368 partes
3201 4276 3340 4346 Ar-

260 4401 738 4500 chaeologiae
783 4429 870 4474 ex
909 4428 1075 4507 asse
1118 4368 1441 4491 teneret,
1493 4401 1861 4501 proficisci
1900 4420 2268 4501 poterant.

449 4535 731 4609 Prodiit
764 4534 906 4608 hoc
950 4562 1135 4632 opus
1161 4536 1448 4608 Gallico
1487 4535 1833 4608 idiomate
1870 4515 2408 4635 conscriptum,
2464 4561 2610 4633 qua
2653 4534 2732 4605 in
2776 4559 2858 4608 re
2902 4552 3165 4610 auctor
3204 4562 3340 4611 no·

332 4800 395 4870 a)
435 4757 847 4873 Knrzgefasste
876 4795 1368 4871 Ansangsgriiude
1404 4816 1509 4854 zur
1535 4794 1692 4853 alten
1721 4795 2128 4855 Numismatik.
2163 4795 2339 4851 Wien
2374 4804 2544 4861 1787,
2581 4793 2642 4850 in
2671 4805 2784 4859 8¹⁰.

334 4891 406 4964 b)
448 4890 637 4949 Choix
698 4890 772 4946 de
817 4891 1041 4966 pierres
1092 4891 1370 4965 gravees,
1425 4893 1505 4949 du
1553 4889 1794 4949 cabinet
1846 4890 2117 4966 imperial
2162 4891 2268 4948 des
2318 4890 2621 4967 antiques»,
2670 4892 3074 4968 representees
3128 4911 3201 4948 en
3236 4891 3335 4949 xl.

441 4986 751 5063 plaucheS.
801 4989 854 5044 A
887 4983 1117 5046 Vienne'
1153 5005 1228 5042 en
1257 4986 1575 5055 Autriche‚
1621 4995 1763 5048 1788
1791 4985 1852 5041 in
1883 4986 2050 5044 solio·
