4388 5576
1039 604 1193 675 AD
1257 600 1835 679 VOLVMEN
1898 602 2395 681 SEXTVM.
2620 670 2627 681 .
3177 629 3271 697 55

190 777 345 839 hunc
406 792 665 858 quoque
726 789 810 835 ex
864 771 1059 837 obvio
1105 770 1400 834 Sardium
1458 793 1657 835 numo

186 890 518 942 autonomo
564 875 631 936 in
675 873 1162 957 imperatorium
1206 873 1463 941 Vitellii
1504 894 1661 936 con-

187 999 464 1055 versum,
493 978 619 1061 jam
651 977 841 1062 plane
879 963 1169 1052 constat,
1195 989 1659 1059 quantumcun-

186 1102 302 1167 que
353 1080 672 1144 Sestinius
734 1078 872 1161 ejus
930 1089 1206 1141 conetur
1263 1077 1657 1159 probitatem

181 1183 360 1246 tueri.
415 1183 535 1244 Est
572 1182 678 1243 hic
716 1179 1179 1242 Sardianorum
1225 1200 1492 1254 numus,
1545 1179 1656 1262 qui

177 1288 238 1346 in
273 1285 474 1347 antica
510 1283 706 1344 habet
736 1294 923 1364 caput
954 1280 1293 1355 Herculis,
1329 1280 1392 1338 in
1428 1301 1655 1342 aversa

176 1385 538 1468 Omphalen
598 1383 1036 1467 gradientem,
1098 1384 1163 1441 in
1226 1383 1465 1443 museis
1525 1404 1655 1443 non

174 1488 580 1569 inf1·equen8‚
629 1487 695 1545 in
740 1485 954 1546 multis
1000 1486 1125 1566 jam
1166 1484 1477 1565 catalogis
1516 1484 1657 1548 vul-

176 1602 386 1671 gatus,
470 1585 764 1648 omnibus
825 1587 892 1646 in
954 1607 1033 1647 eo
1095 1600 1287 1668 caput
1344 1586 1653 1648 Herculis

172 1688 684 1773 agnoscentibus.
730 1689 849 1748 Est
881 1689 933 1748 is
968 1689 1029 1748 in
1063 1670 1287 1749 museo
1312 1688 1655 1761 Caesareo,

170 1806 299 1853 tam
336 1804 520 1852 certo
559 1791 884 1865 Hercule,
916 1812 1102 1872 quarn
1147 1791 1201 1851 is
1233 1806 1415 1851 certe
1452 1790 1659 1856 Vitel-

172 1893 298 1954 lius
336 1913 481 1954 esse
516 1912 647 1952 non
678 1905 927 1974 potest,
975 1891 1149 1975 quod
1190 1894 1459 1976 quisque
1502 1894 1661 1955 fate·

171 1996 379 2068 bitur,
425 1992 787 2075 cuicunque
822 2006 929 2054 aut
965 1992 1192 2055 adficta
1250 1994 1327 2055 ab
1382 1994 1661 2074 antiquis

172 2096 447 2157 Herculi
476 2094 882 2168 lincamenta,
910 2107 1015 2155 aut
1042 2108 1221 2156 certa
1238 2095 1493 2161 Vitellii
1521 2109 1667 2182 sunt

174 2196 455 2279 cognita.
524 2194 860 2263 Vitellium
908 2215 1071 2275 ergo
1112 2194 1270 2256 fecit
1315 2196 1666 2279 propudio-

171 2319 315 2361 sum
349 2296 687 2380 mangonis
728 2295 1042 2358 Osmanni
1081 2297 1425 2377 scalprum.
1485 2298 1663 2357 Istud

167 2397 439 2462 Sestinii
488 2411 829 2480 peccatum
878 2418 1009 2459 non
1061 2409 1191 2459 tam
1238 2396 1487 2458 anxiam
1529 2418 1663 2460 me-

163 2501 440 2564 rebatur
490 2500 1047 2573 enucleationem,
1099 2499 1223 2559 nisi
1262 2498 1315 2557 is
1367 2495 1519 2559 inde
1569 2497 1662 2560 le-

163 2622 326 2686 gem
394 2601 717 2662 intulisset
772 2599 1154 2662 inconsultis
1193 2600 1299 2662 vel
1344 2597 1662 2660 tironibus

154 2702 603 2788 perniciosam
648 2702 908 2778 hercle,
978 2722 1102 2783 qua
1136 2699 1375 2775 sanxit,
1429 2720 1662 2761 numos

157 2804 419 2869 similes
450 2825 697 2879 omnes,
731 2803 842 2887 qui
881 2823 1077 2865 exesa
1105 2802 1357 2875 Vitellii
1393 2803 1663 2885 inscrip-

152 2911 349 2974 tione
393 2898 968 2989 praeferre'caput
1010 2905 1319 2968 Herculis
1360 2903 1665 2970 videban-

154 3026 303 3083 tur,
368 3028 450 3068 ex
498 3020 994 3068 autonomorum
1031 3028 1306 3069 numero
1350 3019 1662 3087 exceptos

152 3113 348 3174 inter
376 3108 833 3191 imperatorios
862 3106 1118 3171 Vitellii
1148 3125 1292 3169 esse
1328 3106 1659 3166 locandos.

148 3216 329 3275 Post
377 3210 544 3271 hacc
594 3208 945 3270 arbitretur
977 3207 1224 3282 lector,
1275 3206 1465 3288 quale
1500 3204 1664 3286 judi-

149 3315 347 3377 cium
382 3291 726 3373 ferendum
764 3310 847 3373 sit
878 3309 959 3370 de
996 3329 1192 3370 numo
1225 3307 1421 3369 tertio
1456 3309 1669 3368 Mace-

148 3417 456 3489 donum,
501 3435 694 3497 quem
743 3412 1035 3475 eruditus
1076 3409 1271 3473 abbas
1307 3429 1387 3471 ex
1431 3408 1667 3472 eodem

139 3521 354 3583 fonte
393 3515 617 3578 edidit.
659 3515 733 3592 (1.
767 3535 824 3578 c.
858 3536 921 3596 p.
954 3517 1093 3595 97.)

462 3707 534 3768 P.
563 3713 709 3777 422.
755 3704 879 3763 col.
906 3720 972 3762 2.·
992 3710 1147 3781 post
1179 3700 1298 3759 liu.
1326 3699 1425 3758 28.

286 3826 471 3885 Rota
497 3842 826 3904 rupesque
856 3819 1055 3903 partis
1080 3838 1349 3882 aversae
1383 3816 1670 3879 indicant

126 3940 400 4015 aperta
447 3945 570 4008 per
610 3944 807 4007 rupes
853 3923 1056 3984 invias
1099 3921 1332 3981 itinera
1372 3917 1567 3981 modo
1601 3932 1669 3980 et

126 4029 631 4100 vehiculorum
693 4025 1084 4090 commeatui
1136 4023 1404 4096 idonea,
1477 4043 1670 4105 quem

122 4136 289 4220 typi
347 4152 616 4194 sensum
673 4128 1012 4193 confirmat
1050 4145 1336 4187 marmor
1363 4124 1667 4186 Gruteri:

124 4245 241 4324 (p,
287 4258 310 4294 ι
330 4245 447 4311 40.
481 4236 565 4311 ι.)
595 4234 667 4297 C.
687 4232 998 4298 IVLIVS.
1028 4229 1393 4292 CAESAR.
1422 4227 1666 4292 VIAM.

130 4337 525 4405 INVIAM.
547 4334 921 4397 SOLERT.
951 4334 1018 4396 S.
1040 4335 1182 4398 ET.
1216 4327 1672 4392 IMPENDIO.

118 4438 650 4510 ROTABitem
682 4439 1135 4500 REDDIDIT.
1178 4436 1324 4497 Non
1361 4432 1673 4496 audebam

116 4568 338 4620 tum,
413 4558 561 4601 cum
620 4552 1032 4622 praesentem
1084 4558 1347 4599 numum
1400 4537 1681 4599 illustra-

114 4671 293 4717 rem
318 4693 338 4723 ‚
406 4641 815 4706 monumenti
866 4640 1055 4722 hujus
1086 4641 1535 4703 auctoritatem
1571 4638 1679 4701 ad-

1760 793 2044 852 vocare,
2127 773 2279 860 quia
2352 774 2667 859 pleraque
2744 774 2892 838 Iulii
2968 777 3262 845 Caesaris

1771 896 2094 939 marmora
2154 890 2493 957 suspectae
2552 877 2713 938 mihi
2776 898 3040 963 semper
3107 884 3266 946 fidei

1769 992 1919 1039 sunt
1953 978 2118 1055 visa,
2158 999 2351 1062 quam
2390 977 2827 1060 suspicionem
2860 983 3034 1044 auxit
3076 1003 3267 1048 voca·

1767 1077 1992 1140 bulum
2028 1083 2340 1142 rotabilis
2362 1081 2694 1161 Latinitati
2727 1103 2984 1159 aureae,
3014 1085 3169 1167 quin
3201 1101 3268 1149 et

1773 1195 2122 1263 argenteae
2183 1181 2696 1264 incompertum,
2757 1198 3034 1267 propter
3091 1188 3267 1270 quod

1773 1294 1839 1343 et
1866 1280 2133 1344 Maffeio
2155 1282 2639 1365 reprobandum
2674 1286 2902 1348 visum.
2939 1288 3097 1368 (Ars
3127 1291 3269 1354 crit.

1772 1383 1898 1464 lap.
1933 1406 1997 1467 p.
2028 1382 2204 1465 293.)
2264 1386 2353 1444 At
2395 1407 2566 1449 nunc
2615 1389 3264 1453 commemorandum

1768 1483 2009 1560 visum,
2061 1486 2209 1568 quia
2258 1486 2426 1547 illud
2472 1509 2758 1551 summus
2812 1491 2967 1551 artis
3029 1490 3270 1572 lapida-

1767 1587 1905 1648 riae
1959 1590 2271 1669 magister
2314 1589 2627 1652 Marinius
2664 1592 3096 1656 stomachatus
3131 1612 3263 1655 non

1774 1702 1893 1754 est.
1926 1691 2135 1770 (Frat.
2169 1711 2305 1755 arv.
2338 1690 2402 1771 p.
2428 1691 2608 1772 697.)

2152 1875 2228 1938 P.
2251 1874 2395 1937 525.
2431 1875 2557 1938 col.
2592 1896 2641 1938 ι.
2677 1876 2805 1938 lin.
2829 1880 2891 1939 5.

1892 1992 2035 2052 -Pro
2075 2012 2345 2054 numum
2380 1992 2534 2075 lege
2573 2015 2934 2056 numerum.

2071 2179 2147 2240 P.
2170 2174 2334 2239 526?
2354 2178 2478 2240 σοί.
2503 2196 2561 2240 2.
2595 2190 2750 2257 post
2777 2124 2900 2253 'lica
2924 2179 2983 2243 3.

1903 2298 2034 2357 Iam
2081 2295 2235 2357 inde
2281 2297 2359 2357 ab
2406 2295 2676 2358 Occone
2723 2295 3310 2360 circumferuntur·

1770 2397 1951 2456 numi
1989 2398 2068 2462 L.
2107 2396 2282 2460 Aelii
2322 2396 2391 2456 in
2435 2412 2619 2478 parte
2664 2378 2902 2460 πῶς
2932 2399 3263 2482 inscripti:

1778 2498 2314 2562 PANNONIAE.
2366 2499 2683 2565 CVRTA.
2733 2500 2935 2564 AEL.
2995 2503 3130 2563 Pro
3185 2502 3280 2561 in-

1782 2600 2003 2661 stituto
2061 2619 2251 2676 mec,
2328 2619 2456 2684 quo
2510 2598 2944 2682 negligendos
3003 2601 3275 2664 decrevi

1773 2700 2066 2763 >eluviem
2111 2722 2458 2763 numorum
2503 2715 2730 2786 aperte
2773 2701 3117 2778 falsorum,
3170 2723 3279 2764 cu·

1779 2804 1879 2886 jus
1919 2823 2173 2866 causam
2218 2803 2370 2865 dedi
2408 2804 2478 2865 in
2515 2804 2920 2887 praefatione
2973 2805 3054 2868 ad
3105 2807 3284 2868 hunc

1779 2918 2024 2968 tomum
2061 2893 2181 2968 sub
2221 2907 2455 2983 finem,
2500 2905 2673 2970 hunc
2713 2927 2972 2991 quoque
3010 2928 3277 2968 numum

1778 3007 2251 3091 negligendum
2285 3008 2460 3072 duxi.
2507 3008 2757 3070 Omnes
2792 3008 2966 3070 enim
2998 3009 3138 3092 ejus
3167 3030 3279 3092 ge-

1777 3109 1976 3182 neris,
2007 3122 2323 3191 quotquot
2353 3107 2655 3191 viderim,
2692 3110 2860 3190 (vidi
2889 3124 3104 3172 autem
3139 3111 3281 3192 plu-

1778 3208 2003 3283 rimos,
2041 3228 2258 3290 neque
2297 3206 2532 3270 desunt
2561 3209 2628 3268 in
2663 3228 2891 3270 museo
2921 3210 3278 3291 Caesareo)

1781 3309 2036 3391 spurios
2081 3309 2412 3390 comperi,
2458 3322 2524 3370 ct
2562 3322 2850 3387 constat,
2892 3331 3125 3373 eorum
3170 3333 3279 3372 ex-

1781 3425 1955 3474 stare
2009 3411 2349 3500 matricem
2392 3411 2796 3485 Patavinam,
2869 3411 3194 3494 vulgatam
3244 3435 3278 3472 a

1782 3514 2102 3576 Molineto
2137 3512 2310 3574 inter
2347 3533 2579 3573 numos
2613 3512 2977 3574 Patavinos.
3014 3511 3276 3592 (Cabin.

1786 3615 1870 3677 tle
1918 3614 2170 3678 Genev.
2215 3633 2392 3677 num.
2449 3614 2584 3695 24.)
2654 3613 2838 3706 Quae
2887 3632 3041 3676 sane
3090 3635 3279 3676 causa

1785 3717 1943 3794 fuit,
1994 3738 2111 3779 cur
2149 3715 2367 3797 spuria
2408 3715 2572 3776 haec
2608 3716 2961 3798 progenies
2991 3737 3028 3778 a
3064 3716 3280 3778 castis-

1785 3818 2317 3884 simoVaillantio
2350 3816 2416 3876 in
2449 3816 2761 3881 dilectum
2793 3838 2978 3881 snum
3006 3832 3279 3900 recepta
3323 3881 3334 3891 ,

1783 3942 1915 3983 non
1971 3922 2072 3984 sit.
2139 3919 2795 3982 Commemorandum
2839 3919 3012 3981 istud
3071 3921 3278 3984 visum

1784 4036 1915 4097 est,
1976 4021 2124 4106 quia
2173 4021 2348 4084 forte
2394 4022 2654 4085 fortuna
2703 4022 2869 4098 vidi,
2921 4023 3200 4084 similem
3244 4047 3278 4085 a

1782 4125 1864 4187 cl.
1914 4124 2056 4186 viro
2120 4125 2627 4188 Schonwisnero
2691 4146 2772 4187 ex
2835 4145 3062 4186 museo
3123 4127 3271 4187 Bar.

1785 4226 2039 4288 Sandor
2067 4228 2421 4309 vulgatum,
2456 4225 3046 4310 adprobatumque,
3082 4247 3277 4309 quem

1790 4340 2007 4389 tamen
2046 4350 2080 4390 a
2115 4328 2387 4413 reliquis
2418 4349 2500 4391 eo
2531 4327 2767 4390 differe
2801 4329 2919 4404 ait,
2951 4328 3126 4410 quod
3157 4350 3279 4409 pro

1794 4429 2091 4495 CVRTA
2133 4430 2377 4514 legitur
2419 4430 2702 4496 CVRIA.
2751 4432 2917 4510 (Iter
2959 4450 3080 4512 per
3119 4431 3281 4491 Pan-

1794 4553 1945 4596 non.
1979 4533 2053 4593 P.
2084 4534 2160 4597 11.
2208 4555 2272 4617 p.
2302 4534 2472 4614 nb.)
2572 4530 2582 4548 ⁰

1134 4913 1137 4916 .
1218 4879 2181 4915 ff*·-—-—---m---·-ss
2261 4894 2277 4900 -
