4388 5576
1217 383 1368 497 DE
1450 421 2293 508 PONTffchTv
2370 421 2635 497 MAX.

373 601 649 666 sterium
690 621 817 686 per
860 622 933 668 se
977 585 1345 683 obiverint,
1411 620 1480 670 et
1506 626 1683 670 -cum
1726 608 1872 691 plu·

370 723 487 769 res
529 726 658 769 una
698 705 888 771 fuere
930 706 1279 792 pontifices
1323 729 1530 783 max„
1594 729 1678 772 an
1734 728 1871 772 om-

278 831 294 840 ·
375 826 495 870 nes
540 806 857 893 dignitate
900 810 1147 893 pares?
1208 813 1321 882 tv.
1368 812 1520 904 Quo
1563 825 1867 896 tempore

370 911 650 995 Augusti
704 912 1085 995 pontificatu
1141 936 1311 980 max.
1371 915 1717 999 coeperint
1758 914 1868 979 ab·

370 1012 663 1080 ttinere?

1040 1233 1279 1334 §.L>

371 1429 562 1506 Quod
580 1428 791 1506 fuerit
831 1428 1175 1508 discrimen
1217 1427 1387 1487 inter
1422 1421 1863 1505 pontificatum

443 1529 802 1590 maximum
842 1531 999 1608 reip.
1044 1529 1120 1592 Ii.
1140 1571 1158 1604 ,
1202 1537 1268 1590 et
1306 1531 1782 1608 imperatorum.

489 1730 731 1793 Notum
769 1732 838 1794 in
874 1731 1141 1816 vulgus,
1188 1709 1565 1816 conlegium
1600 1726 1862 1813 pontifi-

364 1833 511 1897 cum
544 1854 580 1895 a
613 1835 826 1897 Numa
869 1855 1035 1919 rege
1085 1835 1289 1900 fuisse
1337 1833 1734 1907 institutum,
1793 1842 1861 1892 et

362 1933 476 2019 qui
516 1933 669 1997 huic
716 1937 1038 2019 praefuit,
1082 1937 1461 2021 pontificem
1506 1935 1858 2000 maximum

360 2036 778 2123 appellatum.
894 2038 1098 2102 Pulso
1187 2037 1544 2123 Tarquinio
1629 2037 1859 2122 populi

361 2136 694 2221 suffragiis
745 2140 961 2202 creari
1014 2139 1269 2224 coepit,
1313 2138 1557 2223 reliqui
1602 2138 1859 2223 pontifi-

360 2256 475 2301 ces
518 2261 553 2302 a
597 2237 984 2322 pontificum
1035 2242 1374 2326 conlegio,
1422 2241 1633 2305 donec
1678 2257 1745 2305 et
1785 2241 1856 2302 hi

356 2337 521 2423 lege
561 2341 851 2405 Domitia
904 2345 1132 2428 populi
1189 2344 1461 2407 arbitrio
1519 2345 1857 2427 permitte·

356 2451 608 2507 rentur.
698 2443 880 2505 Sulla
925 2445 1206 2507 dictator
1236 2448 1465 2532 populi
1504 2445 1659 2508 odie
1694 2465 1855 2527 pon·

351 2541 979 2608 tificumdelectum
1026 2549 1259 2610 horum
1307 2548 1614 2629 conlegio
1660 2546 1853 2608 tradi-

344 2645 481 2722 dit,
526 2645 645 2708 sed
686 2668 771 2710 eo
820 2649 946 2713 vita
987 2647 1215 2711 functo
1259 2649 1556 2710 restituta
1601 2646 1850 2730 populo

261 2748 267 2754 ’
344 2743 663 2834 suffragia
705 2748 968 2814 ferente
1014 2754 1093 2821 V.
1138 2755 1210 2818 C.
1257 2751 1374 2832 691
1428 2747 1505 2813 Τ.
1552 2749 1849 2812 Labieno

344 2848 611 2913 tribuno
658 2852 747 2935 pl.
798 2853 1048 2938 legem,
1098 2868 1165 2917 et
1212 2853 1379 2919 vidit
1420 2854 1595 2914 idem
1643 2874 1847 2915 annus

345 2953 723 3041 pontificem
760 2977 926 3019 max.
964 2958 1042 3020 C.
1074 2957 1321 3018 lulium·
1348 2956 1848 3031 Caesarem‚‘ut

343 3055 413 3114 in
449 3054 640 3135 hujus
687 3059 898 3117 numis
948 3057 1249 3119 diximus.
1337 3060 1485 3120 Hoc
1536 3082 1572 3137 a
1624 3059 1883 3139 conju·‘

280 3154 289 3161 ’
344 3156 502 3235 ratis
533 3176 727 3218 caeso
764 3156 992 3220 effecit
1026 3159 1409 3243 auctoritate
1443 3180 1556 3221 sua
1594 3161 1684 3219 M.
1719 3164 1846 3220 An-

342 3257 560 3320 tonius
594 3278 762 3331 cos.,
810 3252 878 3320 ut
911 3260 1152 3319 iterum
1195 3257 1576 3341 pontificum
1625 3259 1872 3333 ocules

343 3359 457 3443 gio
491 3360 758 3438 creandi
791 3357 1117 3443 pontificis
1154 3382 1320 3424 max.
1352 3360 1453 3442 jus
1486 3374 1694 3435 esset,
1731 3363 1859 3445 qui

236 3517 247 3523 ,
340 3474 479 3524 tum
528 3464 596 3524 in
636 3468 725 3525 M.
759 3454 1087 3544 Lepidum
1140 3482 1560 3526 consensere.
1646 3463 1841 3526 Hunc

338 3561 739 3629 Octavianus
774 3567 856 3633 V.
897 3566 971 3629 C.
1012 3567 1138 3647 718
1187 3567 1257 3628 in
1304 3567 1603 3639 ordinem
1652 3565 1840 3628 reda·

338 3677 515 3730 ctum
560 3669 862 3731 Illviratu
908 3668 1173 3751 quidem
1224 3670 1434 3744 exuit,
1493 3672 1844 3732 consenes-

333 3788 493 3833 cere
530 3783 749 3834 tamen
791 3773 859 3835 in
906 3790 1093 3834 sacro
1134 3772 1515 3857 magistratu
1560 3785 1661 3834 est
1700 3792 1841 3855 pas·

331 3894 483 3947 sus,
528 3875 676 3956 quie
726 3875 781 3934 is
827 3893 908 3936 ex
959 3888 1191 3935 vetere
1224 3874 1547 3942 ‘instituto
1589 3873 1876 3937 viventi·

331 3976 531 4038 adimi
579 3998 711 4039 non
761 3970 994 4058 potuit.
1081 3978 1229 4039 Hoc
1263 3978 1343 4045 V.
1383 3976 1455 4039 C.
1493 3986 1610 4058 74¹
1651 3990 1833 4039 natu-

327 4076 453 4141 rali
488 4092 702 4141 morte
740 4099 777 4140 e
814 4081 978 4143 vivis
1014 4074 1305 4155 sublato',
1351 4099 1520 4141 anno
1557 4098 1832 4163 sequen-

328 4189 397 4240 te
433 4181 763 4260 Augustus
801 4184 1251 4266 pontificatum
1294 4183 1644 4248 maximum
1689 4201 1828 4244 sae-

330 4297 417 4361 pe
456 4293 642 4343 antea
678 4304 713 4343 a
750 4287 996 4369 populo
1035 4289 1359 4363 oblatum,
1419 4305 1684 4370 semper
1721 4306 1828 4349 re-

328 4393 622 4443 cusatum
684 4391 993 4470 suscepit.
1079 4390 1251 4460 Vide
1322 4390 1486 4453 baec
1552 4389 1825 4452 uberius

326 4485 623 4569 exposita
700 4488 771 4549 in
847 4491 987 4573 ejus
1070 4505 1352 4556 moneta.
1439 4482 1822 4561 Verisimile

3333 446 3472 513 381

1985 607 2316 671 existimat
2342 603 2723 682 Bimardus,
2759 623 2901 667 eam
2937 605 3318 689 dignitatem
3351 614 3481 676 Au·

1985 724 2175 797 gusto
2208 733 2245 774 a
2276 710 2523 795 populo
2555 708 2758 772 fuisse
2798 707 3188 794 delegatam.
3246 716 3332 775 At
3366 735 3482 797 po·

1982 823 2313 896 steaquam
2347 811 2654 875 Tiberius
2686 829 2840 874 mox
2874 809 2954 872 ab
2987 812 3161 876 adito
3194 815 3478 898 imperio

1982 915 2248 980 comitia
2288 914 2520 1001 populi
2563 912 2860 990 sustulit,
2925 931 3317 1001 omnemque
3366 938 3479 1002 po·

1980 1009 2284 1081 testatem
2319 1017 2388 1079 in
2426 1031 2723 1080 senatum
2759 1016 3116 1095 transtulit,
3164 1017 3478 1106 deinceps

1980 1120 2122 1203 ejus
2168 1118 2614 1183 conferendae
2648 1119 2749 1201 jus
2784 1138 2987 1201 penes
3023 1135 3316 1185 senatum
3350 1136 3480 1187 ste-

1978 1222 2170 1298 tisse,
2217 1242 2413 1305 quem
2456 1218 2732 1284 subinde
2775 1240 2893 1282 suo
2932 1224 3077 1302 jure
3115 1244 3302 1285 usum
3334 1225 3482 1309 plu-

1977 1320 2160 1384 ribus
2209 1322 2986 1406 exemplis‘comprobat.
3077 1330 3327 1387 Tamen
3371 1326 3477 1390 Fl.

1975 1426 2332 1502 lulianum,
2378 1444 2461 1488 ex
2496 1446 2625 1510 quo
2662 1446 2697 1487 a
2732 1425 3048 1489 militibus
3086 1428 3477 1492 acclamatus

1977 1542 2079 1591 est
2109 1532 2476 1613 Augustus,
2535 1548 2760 1589 ausum
2798 1527 3221 1609 semetipsum
3257 1529 3484 1611 appel·

1974 1630 2128 1703 lare.
2162 1629 2541 1712 pontificem
2585 1630 2932 1692 maximum
2957 1675 2973 1706 ,
3019 1629 3232 1693 refert
3270 1633 3476 1694 Sozo·
3571 1619 3582 1626 ’

1973 1752 2208 1794 menus
2238 1734 2318 1813 ⁸).
2363 1733 2491 1793 Hic
2520 1730 2721 1815 igitur
2757 1728 3049 1813 eligendi
3080 1731 3310 1793 modus
3342 1732 3479 1815 pri-

1975 1855 2153 1896 mum
2183 1833 2521 1896 constituit
2547 1833 2901 1896 discrimen
2928 1835 3103 1897 inter
3129 1831 3474 1916 pontifices

1974 1950 2242 2004 veteres
2273 1933 2597 2019 privatos,
2644 1950 2712 2001 et
2743 1935 3087 2022 pontifices
3125 1939 3474 2020 Augustos.

2001 2079 2008 2089 -
2072 2037 2407 2101 'Alterum
2444 2038 2800 2102 discrimen
2835 2040 2901 2100 in
2934 2060 3016 2102 eo
3044 2039 3254 2114 stetit,
3294 2039 3475 2124 quod

1969 2141 2265 2226 privatus
2345 2141 2462 2203 ille
2539 2140 2836 2224 pontifex
2909 2142 3262 2216 maximus,
3348 2139 3473 2203 etsi

1970 2242 2273 2306 omnibus
2312 2243 2832 2307 sacerdotiorum
2875 2245 3230 2326 conlo-giis,
3276 2255 3343 2304 et
3378 2241 3477 2325 ip-

1968 2347 2058 2407 sis
2116 2345 2314 2406 etiam
2371 2345 2744 2410 Vestalibus
2808 2345 3141 2426 praefuit,‘
3190 2357 3474 2426 potesta-

1966 2460 2102 2508 tem
2159 2465 2296 2506 non
2356 2445 2616 2520 habuit,
2678 2447 2733 2504 si
2795 2446 2970 2529 quod
3029 2446 3468 2508 sacerdotium

1967 2556 2184 2608 morte
2247 2564 2520 2608 vacuum
2583 2545 2735 2619 fuit,
2798 2549 2996 2610 alium
3057 2549 3121 2607 in
3182 2548 3325 2632 ejus
3370 2548 3474 2610 lo-

1968 2667 2118 2710 cum
2145 2645 2581 2746 Vimtituendi.
2671 2649 2843 2742 Quin
2904 2662 3190 2726 constat,
3253 2663 3323 2713 ut
3367 2637 3471 2714 su*-

1965 2773 2085 2836 pra
2133 2748 2446 2824 diximus,
2491 2748 2665 2812 hunc
2715 2750 3044 2814 delectum
3083 2752 3212 2835 jam
3259 2772 3467 2836 penes

1964 2853 2348 2938 pontificum
2413 2851 2827 2937 conlegium,
2892 2853 3023 2934 jam
3084 2876 3290 2938 penes
3351 2875 3466 2939 po·

1963 2959 2190 3041 pulum
2252 2956 2481 3018 fuisse.
2582 2957 2833 3024 Verum
2897 2957 3063 3018 hanc
3126 2958 3462 3041 optionem

1963 3048 2205 3120 deinde
2268 3057 2471 3145 fuisse
2531 3056 2601 3116 in
2659 3060 3102 3138 Augustorum
3168 3058 3462 3136 arbitrio,

1962 3161 2208 3222 diserte
2246 3158 2440 3220 docet
2474 3159 2602 3218 Dio
2635 3154 2722 3237 b).
2781 3162 3057 3246 Miratur
3093 3158 3461 3234 Bima-dus,

1922 3261 2432 3343 -Spanhemium
2497 3273 2564 3320 et
2621 3259 2897 3341 Pagium
2960 3281 3102 3323 eam
3162 3283 3197 3323 a
3241 3262 3461 3325 Dione

1959 3362 2306 3435 indicatam
2347 3372 2736 3445 potestatem
2786 3362 2864 3423 ad
2906 3363 3084 3423 solos
3122 3363 3461 3435 Caesares,

1958 3478 2027 3527 et
2059 3465 2135 3525 in·
2161 3461 2444 3544 imperio
2479 3462 2788 3545 conlegas
2819 3462 2992 3526 velte
3030 3463 3459 3544 restringere,

1954 3589 2102 3631 cum
2166 3574 2386 3630 tamen
2450 3563 2651 3626 multa
2711 3565 2839 3627 sint
2901 3563 3241 3647 exempla,
3290 3581 3457 3645 quae

1952 3671 2047 3733 ib'i
2112 3668 2417 3753 colligit,·
2468 3668 2636 3730 hanc
2697 3666 2969 3750 gratiam
3040 3689 3076 3727 a
3149 3665 3461 3749 principi-

1950 3775 2075 3839 bus
2136 3773 2218 3836 ad
2280 3754 2892 3855 privatosssquoq'ue
2956 3768 3156 3832 fuisse
3203 3766 3456 3830 deriva-

1952 3892 2108 3948 tam,
2198 3878 2268 3935 In
2327 3873 2796 3937 illustrioribus
2851 3885 2991 3948 est,
3050 3870 3224 3957 quod
3269 3869 3452 3932 Otho
3531 3918 3537 3925 .

1938 3984 2351 4065 pontificatus
2375 4025 2391 4055 ,
2436 3988 2918 4061 anquratusque
2949 3977 3283 4039 honoratis
3299 3978 3454 4051 sam

1948 4088 2207 4149 senibus·
2223 4086 2573 4157 addidisse,
2600 4091 2666 4143 et
2678 4100 2898 4141 recem
2913 4082 3000 4139 ab
3018 4080 3221 4140 eoeilio
3243 4094 3457 4136 rever·

1942 4209 2047 4253 sos
2063 4188 2570 4248 adolescentulos
2584 4185 2829 4245 nobiles
2846 4183 3043 4242 avitis
3062 4179 3448 4255 deputer-nis

1941 4290 2324 4352 sacerdotiis
2351 4289 2422 4350 in
2448 4286 2752 4349 solatium
2776 4282 3126 4344 recoluisse
3154 4299 3198 4339 a
3221 4280 3450 4339 Tacito

1939 4396 2180 4455 dicitur
2223 4390 2309 4472 ο).
2400 4388 2745 4461 Alterum,
2800 4379 2981 4467 quod
3029 4400 3112 4443 ex
3158 4378 3446 4461 Symma-

1936 4493 2069 4556 ebo
2102 4491 2167 4573 d)
2215 4491 2299 4554 de
2339 4487 2723 4555 Constantio
2772 4488 2859 4555 11.
2900 4482 3269 4549 Christiano
3312 4481 3439 4564 jam

335 4635 3417 4669 -ῇ-ψ-Μ--ὴ--ώ-ῌ

388 4703 453 4773 a>
492 4700 559 4761 Ι..
596 4700 668 4764 v.
711 4720 762 4759 c.
805 4716 852 4760 t.
900 4702 905 4707 ·
1004 4702 1072 4776 b)
1113 4703 1176 4761 L.
1216 4703 1366 4765 Lm.
1406 4708 1456 4781 ς.
1496 4720 1587 4772 17.

1740 4713 1800 4773 c)
1840 4705 1990 4769 nist.
2028 4705 2093 4766 1..
2130 4704 2178 4767 1.
2223 4726 2273 4767 c.
2313 4717 2404 4772 77.

2557 4704 2625 4779 d)
2665 4704 2732 4767 L.
2770 4702 2846 4763 X.
2887 4702 3062 4782 epist.
3102 4709 3191 4767 54.
