4388 5576
844 448 854 461 ·
956 417 1110 490 lt‘llt·

968 583 1327 647 lectionem
1391 576 1621 638 TRIB.
1681 565 2061 632 POTEST.
2126 572 2210 633 X.
2285 569 2470 632 resti.

970 689 1094 747 tuit
1125 688 1220 764 ⁸),
1285 700 1474 763 quam
1540 688 1608 737 et
1671 691 1886 756 nuper
1928 673 2310 735 auctoritate
2356 692 2472 734 sua

854 811 869 828 '⁸
973 785 1489 867 comprobarunt
1558 777 1889 859 Georgius
1963 773 2187 857 Zd’e'ga
2235 772 2332 854 b),
2406 786 2475 834 et

970 888 1245 955 Carolus
1278 885 1413 945 Fea
1446 883 1534 963 c)‚
1582 901 1666 941 ex
1703 899 1831 961 quo
1869 877 2269 960 epigramma
2300 873 2473 937 istud
2523 953 2528 958 ,

972 990 1268 1062 restitui,
1334 985 1444 1069 qui
1490 997 1555 1043 et
1599 981 1789 1056 infra-
1829 979 2051 1040 mirari
2094 999 2165 1039 se
2214 997 2474 1060 magno·

973 1114 1137 1179 pere
1197 1088 1545 1173 profitetur
1577 1082 1674 1165 d),
1739 1103 1887 1143 cum
1949 1094 2042 1142 tot
2102 1081 2478 1163 hac-snper

975 1192 1405 1275 inscriptione
1458 1191 1631 1250 inter
1684 1183 1978 1247 eruditos
2032 1195 2253 1244 essent
2300 1180 2484 1243 dissi·

834 1289 843 1298 ’
922 1267 933 1287 ⁸
982 1297 1123 1372 dia,
1163 1295 1270 1355 diu
1302 1291 1636 1354 neminem
1667 1287 1935 1350 omuino
1963 1297 2338 1368 repertum,
2371 1281 2482 1368 qui

983 1420 1126 1462 eam
1174 1398 1238 1455 in
1287 1412 1562 1456 examen
1606 1401 2007 1460 revocasset,
2090 1387 2302 1469 Hujus
2348 1385 2508 1469 epi->

984 1497 1356 1585 grammatis
1400 1493 1667 1557 memini
1706 1514 1901 1575 supra
1945 1489 2009 1550 in
2052 1490 2283 1572 regula
2329 1489 2481 1563 111.,

987 1624 1118 1687 quo
1164 1597 1696 1682 comprobarem,
1764 1615 1953 1676 quam
2002 1609 2225 1676 parum
2273 1587 2483 1652 fidere

986 1702 1309 1787 possimus
1343 1699 1513 1761 notia
1545 1694 2065 1777 chronologicis,
2111 1693 2336 1775 quales
2372 1712 2488 1753 uo·

985 1807 1086 1868 bis
1151 1826 1234 1868 ex
1306 1800 1736 1865 marmoribus
1800 1799 1863 1857 in
1932 1796 2244 1878 catalogis
2305 1794 2488 1857 exhi-

868 1937 874 1946 ·
983 1909 1263 1982 bentur,
1314 1925 1461 1966 cum
1506 1902 1572 1963 in
1620 1900 2060 1963 describendo
2106 1916 2488 1960 monumen·

988 2024 1059 2072 to
1137 2008 1442 2092 publico,
1527 2024 1738 2088 eoque
1817 2003 2066 2076 nitido,
2145 1999 2489 2082 facilisque

864 2117 875 2130 ’
992 2110 1287 2194 quotidie
1351 2105 1649 2169 omnibus
1706 2103 1950 2177 aditus,
2012 2118 2140 2164 tam
2199 2099 2492 2184 graviter

978 2219 1075 2286 ,sit
1109 2222 1473 2293 peccatum.
1569 2205 1831 2267 Adhibe
1878 2219 2224 2287 praeterea
2266 2202 2494 2267 inscri-

992 2319 1282 2398 ptionem
1353 2327 1541 2370 arcus
1604 2306 1873 2382 Severi,
1941 2326 2133 2389 quam
2208 2305 2360 2368 dedi
2423 2305 2492 2366 iu

990 2411 1325 2478 Caracalla
1385 2408 1467 2470 ad
1526 2409 1611 2474 V.
1670 2408 1745 2472 C.
1802 2408 1957 2491 957,
2034 2421 2101 2469 et
2158 2408 2313 2470 alias
2379 2430 2493 2490 pu-

991 2516 1200 2577 blicas
1244 2512 1417 2574 idem
1467 2508 1820 2586 docentes,
1887 2531 2042 2593 quas
2088 2510 2363 2593 collegit
2407 2509 2489 2574 cl.

995 2614 1511 2679 Sanclementius
1568 2616 1648 2693 e).
1761 2614 2029 2673 Certum
2118 2632 2284 2695 ergo
2370 2626 2492 2690 est,

916 2781 921 2784 ,
998 2721 1174 2805 quod
1219 2719 1390 2793 dixi,
1438 2717 1723 2800 quinque
1772 2714 2131 2778 tribunatus
2169 2713 2344 2775 inter
2388 2735 2496 2797 pa·

995 2837 1163 2883 trem
1212 2835 1279 2883 et
1321 2817 1523 2878 filium
1573 2816 2027 2893 intercedere,
2091 2831 2156 2878 et
2205 2817 2494 2880 Caracal·

998 2925 1101 2984 lae
1164 2918 1556 2983 tribunat‘um
1620 2920 1698 2982 ab
1757 2942 1924 2982 anno
1968 2924 2048 2988 V.
2096 2922 2165 2982 C.
2215 2922 2330 3003 95¹
2386 2941 2495 2981 ex·

1003 3023 1258 3085 ordinm
1323 3042 1605 3084 sumere.
1689 3022 1903 3105 Atque
1962 3021 2126 3084 haec
2182 3021 2265 3084 de
2324 3042 2492 3083 anno

1005 3125 1262 3187 exordii
1342 3140 1792 3187 controverso.
1884 3126 2131 3213 Mensis
2206 3125 2496 3208 implica·

1001 3227 1128 3287 tius
1204 3247 1513 3302 examen,
1593 3226 1766 3301 aliis,
1852 3240 1923 3286 ut
1999 3226 2166 3301 dixi,
2241 3227 2497 3289 initium

1003 3329 1283 3413 Aprilis,
1331 3329 1473 3389 aliis
1522 3326 1983 3390 initiunrlunii
2024 3348 2147 3411 pro
2198 3330 2347 3391 trib.
2387 3350 2501 3411 po-

912 3428 913 3433 ’
1007 3432 1257 3494 testatis
1302 3430 1626 3514 principio
1681 3428 2132 3495 statuentibus.
2220 3427 2504 3495 Histori-

1006 3534 1136 3607 cis,
1199 3546 1266 3594 et
1330 3532 1764 3595 monumentis
1825 3532 1988 3594 nibil
2032 3533 2097 3591 in
2144 3531 2264 3593 bac
2311 3553 2503 3595 causa

1006 3631 1460 3696 decidentibus
1524 3635 1872 3717 sperabant
1921 3654 1993 3697 se
2038 3654 2120 3696 ex
2164 3636 2501 3697 mentione

1005 3737 1446 3798 tribunatuum
1488 3736 1638 3797 anni
1682 3749 1935 3817 tempus
1976 3737 2278 3819 proxime
2319 3736 2502 3799 adse·

1008 3839 1117 3918 qui
1173 3856 1391 3919 posse.
1478 3838 1572 3897 Ita
1617 3856 1762 3898 cum
1810 3857 1893 3899 ex
1938 3858 2262 3900 marmore
2308 3858 2502 3924 supra

1010 3941 1207 4000 citato
1253 3936 1589 4007 viderent,
1633 3939 2028 4000 caracallam
2068 3941 2257 4002 nonis
2297 3938 2504 4022 April.

1005 4041 1088 4105 V.
1122 4039 1192 4101 C.
1231 4036 1354 4120 953
1396 4035 1701 4099 babuisse
1742 4029 1897 4110 tris).
1928 4052 2317 4123 potestatem
2361 4042 2506 4118 111„

1010 4152 1373 4222 arguerunt
1431 4138 1777 4217 continuo,
1847 4139 2130 4224 primum
2189 4135 2333 4225 ejus
2393 4141 2508 4203 tri-

1003 4240 1310 4305 bunatum
1396 4241 1696 4327 coepisse
1770 4255 1919 4335 aute
1984 4243 2284 4330 Aprilem
2356 4244 2508 4308 anni

2192 325 2626 463 'cArvT
2674 383 2796 506 ‚X-

2586 572 2749 656 951,
2812 565 2957 631 nam
3021 580 3315 644 certum,
3377 583 3453 630 ac
3513 554 4099 630 indubitatum‘ii·

2588 674 2969 756 visumest,
3029 669 3463 753 imperatores
3503 668 3656 731 trib.
3698 680 4098 753 potestatem

2589 794 2855 857 semper
2909 774 3016 836 die
3072 772 3270 834 natali
3328 761 3604 856 imperii
3644 768 3887 834 iterare
3941 789 4102 834 con·

2591 881 2904 942 saevisse.
2999 874 3133 937 Sed
3186 874 3360 938 enim
3412 874 3577 937 banc
3632 873 3852 955 legem
3905 885 3978 934 ut
4026 871 4102 934 iu

2537 1049 2558 1066 ..
2589 978 3138 1066 praecedentibus
3211 976 3509 1060 proxime
3582 973 3926 1057 Augustis,
3999 976 4104 1038 sic

2594 1096 2660 1145 et
2712 1082 2776 1143 in
2831 1079 3160 1143 Caracalla
3215 1073 3440 1161 longe'
3472 1079 3742 1153 fallere,
3830 1076 4098 1141 invictis

2598 1185 2796 1246 modo
2841 1181 3240 1265 argumentis
3286 1180 3798 1243 demonstratum
3848 1197 3958 1243 eo.

2724 1289 2776 1351 1.
2824 1287 3192 1356 statuatur,
3266 1285 3443 1364 quod
3489 1283 3812 1370 praeclari
3853 1280 3924 1342 bi
3976 1277 4105 1343 viri

2598 1387 3015 1452 constitutum
3054 1385 3393 1459 volebant,
3440 1385 3839 1452 Caracallum
3869 1383 4104 1445 ineun-

2597 1506 2664 1553 te
2706 1490 2929 1573 Aprili·
2959 1489 3044 1556 V.
3078 1489 3150 1551 C.
3187 1490 3300 1571 95·
3349 1486 3502 1551 trib.
3539 1500 3862 1572 potestate
3901 1485 4101 1547 doua-

2598 1606 2771 1668 tum,
2838 1612 3112 1673 eamque
3165 1590 3271 1653 die
3327 1581 3768 1655 anniversaria
3825 1608 4103 1652 renova·

2600 1708 2756 1759 tam.
2845 1695 3264 1757 Consulatum
3320 1694 3398 1754 11.
3454 1692 3639 1754 inivit
3687 1694 3766 1761 V.
3825 1693 3898 1756 C.
3949 1689 4104 1774 958.

2604 1796 2926 1861 Currebat
2985 1816 3147 1879 ergo
3205 1792 3560 1859 secundu'm
3619 1807 3930 1878 patronos
3985 1792 4102 1853 hu-

2604 1899 2703 1981 jus
2744 1899 3104 1962 sententiae
3143 1920 3176 1960 a
3212 1899 3363 1961 Kal.
3400 1899 3535 1961 lau.
3575 1897 3765 1979 hujus
3801 1895 3952 1958 anui
3997 1915 4103 1957 us·

2564 2023 2732 2104 'Nque
2766 2001 2842 2064 ad
2867 2003 3163 2085 Aprilem
3201 2000 3351 2061 trib.
3380 2015 3667 2085 potestas
3702 2000 3880 2071 V11.‚
3920 1997 4116 2089 dein·¹

2605 2109 2761 2189 c‘eps
2817 2105 2989 2167 VIII.
3096 2097 3345 2174 Verum
3398 2102 3462 2162 in
3518 2102 3701 2163 nullo
3759 2102 3897 2183 ejus
3953 2102 4105 2161 anni

2604 2197 2805 2268 numo
2846 2206 3090 2287 legitur
3135 2205 3324 2270 COS.
3365 2207 3443 2269 11.
3486 2206 3628 2270 ΤΒ.
3667 2205 3868 2269 ΡΟΤ.
3921 2204 4112 2279 V11.‚

2607 2308 2726 2370 sed
2785 2320 3161 2382 constanter
3225 2309 3415 2372 COS.
3478 2308 3559 2371 11.
3627 2308 3766 2366 ΤΒ.
3816 2295 3890 2368 P.
3930 2293 4105 2372 Vm.

2606 2410 2862 2473 Eodem
2899 2409 3094 2472 mod'o
3129 2429 3272 2471 cum
3312 2430 3479 2471 anno
3512 2411 3593 2472 V.
3616 2410 3687 2473 C.
3715 2407 3830 2490 961
3873 2426 4110 2490 proce·

2572 2512 2801 2575 'deret
2832 2512 3057 2573 consul
3093 2513 3237 2587 111.‚
3273 2531 3597 2595 nunquam
3637 2511 3880 2593 legitur
3912 2509 4104 2573 COS.

2609 2618 2719 2676 111.
2753 2616 2892 2678 ΤΒ.
2928 2615 3001 2674 P.
3035 2614 3150 2688 X.,
3198 2614 3314 2674 sed
3345 2635 3607 2696 semper
3635 2615 3781 2690 xl„
3822 2610 4108 2695 denique

2607 2719 2673 2778 in
2708 2715 3047 2780 consulatu
3084 2718 3191 2783 lV.
3223 2713 3373 2777 anni
3403 2716 3527 2800 966
3560 2735 3882 2800 nunquam
3917 2712 4107 2777 COS.
4212 2709 4224 2724 ⁹

2611 2824 2754 2884 1111.
2796 2822 2934 2883 Tit.
2976 2820 3050 2879 Ρ.
3091 2819 3277 2895 XV.‚
3323 2818 3438 2882 sed
3469 2828 3736 2899 semper
3774 2819 3944 2884 XVI.
4009 2820 4109 2880 Ex

2612 2944 2742 3007 quo
2785 2920 3240 3005 consequitur,
3306 2942 3429 3005 pet·
3478 2921 3733 3003 priores
3789 2939 4109 2983 annorum

2609 3022 2844 3085 horum
2896 3043 3153 3086 menses
3193 3036 3303 3085 aut
3338 3024 3626 3106 signatos
3652 3044 3778 3083 non
3808 3041 3954 3084 esse
3997 3040 4112 3082 nu·

2614 3145 2788 3201 mos,
2852 3137 2956 3187 aut
3009 3145 3127 3187 eos
3179 3145 3405 3187 omnes
3454 3123 3872 3210 deperditos3
3932 3122 4114 3205 quod

2614 3247 2763 3292 oum
2815 3227 3168 3291 verisimile
3225 3247 3356 3290 non
3402 3226 3514 3302 sit,
3591 3241 3843 3288 certum
3892 3224 4114 3300 etiam,

2617 3322 3055 3413 posteriorem
3081 3329 3446 3393 tribunatus
3474 3348 3816 3391 numerum
3845 3326 3976 3409 jam
4011 3348 4113 3391 au·

2616 3432 2685 3492 ni
2721 3431 3044 3514 principio
3083 3431 3395 3507 valuisse,
3442 3428 3834 3511 atque-adeo
3871 3428 4114 3494 eodem

2618 3532 2850 3609 modo,
2895 3534 3055 3594 utin
3090 3536 3342 3597 Severo
3374 3534 3712 3606 dixeram,
3746 3530 3898 3594 trib.
3928 3546 4115 3615 pote·

2618 3646 2848 3696 statem
2877 3634 2984 3698 die
3018 3636 3460 3713 anniversaria
3487 3655 3618 3698 nou
3650 3633 3852 3697 fuisse
3885 3629 4118 3717 augeri

2617 3735 2899 3800 solitam.
3679 3736 3694 3739 “

2747 3840 2829 3902 11.
2876 3842 2945 3903 In
3011 3858 3242 3903 eorum
3301 3838 3624 3903 sententia
3667 3835 4006 3924 Caracalla
4038 3837 4115 3907 V.

2620 3942 2693 4004 C.
2740 3944 2866 4027 904
2906 3962 2942 4002 a
2989 3940 3140 4005 Kal.
3171 3944 3564 4025 lamtusque
3605 3928 3687 4002 ad
3726 3939 3885 4005 Kal.
3924 3936 4120 4023 Apri·

2619 4042 2718 4105 les
2767 4044 3035 4108 circiter
3086 4045 3452 4109 numeravit
3501 4042 3902 4106 tribunatum
3937 4041 4119 4108 xm.

2619 4148 2796 4210 Intra
2837 4147 2966 4210 hoc
3011 4159 3269 4230 tempus
3317 4148 3605 4209 Severus
3648 4142 3934 4207 Eboraci
3983 4160 4118 4204 mo·

2619 4247 2790 4311 titur
2808 4239 2834 4325 ,'
2887 4249 3194 4335 nimirum
3254 4248 3363 4313 die
3428 4249 3540 4317 tv.
3597 4245 3984 4324 Februarii,
4048 4264 4122 4311 ac

1077 4482 1140 4544 a)
1168 4441 1333 4536 'Diss.
1374 4476 1448 4534 11.
1504 4476 1579 4535 de
1618 4494 1774 4536 anuo
1812 4477 1856 4536 1.
1906 4451 2238 4539 Alexandri
2281 4481 2413 4541 Sev.
2451 4503 2588 4561 pag.
2629 4454 2756 4545 200.
2809 4481 2981 4542 Tomi
3020 4482 3064 4541 1.
3119 4501 3263 4561 opp.
3305 4482 3368 4540 S.
3405 4479 3723 4559 Hippolyti
3761 4481 3905 4539 edit.
3946 4482 4120 4541 Ham·

999 4564 1175 4641 burg.
1377 4565 1450 4640 b)
1487 4567 1662 4629 Num.
1700 4572 1952 4647 Aegypt.
1990 4589 2129 4647 pag.
2168 4572 2298 4632 262.

1001 4654 1068 4725 d)
1113 4648 1271 4710 ibid.
1315 4673 1378 4731 p.
1417 4658 1543 4721 6014.

2520 4577 2580 4645 c)
2621 4572 2822 4633 Storia
2862 4572 2926 4634 di
2962 4572 3423 4653 Wiuckelmauu
3461 4573 3632 4633 Tem.
3669 4570 3772 4636 ΠΙ.
3813 4588 3953 4653 pag.
3991 4580 4118 4649 29³».

1747 4660 1809 4731 e)
1851 4660 1925 4718 de
1964 4659 2120 4738 vulg.
2162 4680 2298 4720 aera
2340 4680 2473 4738 pag·
2511 4672 2638 4737 289.
2879 4730 2882 4733 ,
3173 4672 3182 4697 ·‚
3508 4668 3514 4674 ‘
3721 4698 3746 4715 .
