4388 5576
1241 497 1496 575 GAL.
1575 499 2383 581 MAXIMIANVS.

529 682 721 750 NV&
789 684 873 748 r.
931 652 1011 750 ὲ.
1071 678 1275 751 Avo.
1335 696 1455 749 aue
1509 687 1741 748 semets-

269 884 338 951 c.
523 796 696 951 igr.
729 846 1734 958 usxm1Ast.1vN.Avc.

262 1086 345 1154 n.
526 988 803 1158 izff'c).
833 1091 1034 1155 can.
1061 1090 1263 1160 vAn.
1308 1085 1729 1156 mnum-

520 1191 706 1263 NVS.
742 1195 918 1263 IVN.
953 1191 1162 1264 Avo.
1192 1193 1466 1276 (nana.)

373 1391 588 1457 Eidem
651 1409 720 1460 et
778 1394 1150 1460 Bandurius
1211 1396 1445 1461 tribuit
1494 1417 1728 1460 numos

256 1514 374 1557 non
400 1517 626 1579 paucos
665 1497 1023 1581 inscriptos
1070 1498 1499 1586 simpliciter:
1546 1501 1724 1564 IMP.

254 1599 803 1668 maximanS.
859 1599 1104 1676 AVG.‚
1160 1604 1315 1664 vel:
1404 1604 1591 1665 lMP.
1651 1600 1727 1665 C.

252 1700 801 1785 HAx-lmAst.
853 1704 928 1765 P.
977 1703 1053 1765 F.
1103 1703 1307 1772 AVG.
1399 1702 1724 1798 Quoniam

249 1798 523 1885 plerique
568 1804 946 1869 Maximiani
980 1804 1284 1868 Herculii
1332 1808 1515 1867 numi
1551 1805 1726 1868 simi-

249 1901 386 1963 liter
415 1903 705 1988 inscripti
755 1922 940 1984 sunt,
1001 1908 1136 1989 typi
1190 1928 1352 1971 vero
1385 1909 1563 1970 inter
1597 1911 1746 1971 Aua

245 2019 451 2086 gustos
490 2022 555 2069 et
589 2010 909 2072 Caesares
952 2008 1080 2071 hoc
1127 2028 1291 2071 aevo
1324 2010 1721 2093 plerumque

244 2104 417 2170 {uere
466 2130 877 2185 communes,
924 2131 1124 2173 unum
1171 2109 1525 2174 discrimen
1574 2114 1724 2177 viro

246 2210 482 2276 erudito
517 2233 870 2296 superesse
904 2224 1164 2293 poterat
1181 2244 1212 2288 ,-
1247 2212 1425 2294 quod
1455 2236 1492 2275 a
1522 2211 1723 2275 linea·

244 2314 456 2377 mentis
479 2317 694 2378 vultus
718 2316 991 2399 petitur,
1036 2337 1267 2379 verum
1294 2312 1469 2376 istud
1502 2326 1723 2376 utrum

243 2414 473 2479 collatis
520 2418 865 2499 utriusque
912 2417 1124 2491 numis
1162 2416 1448 2479 obtineri
1487 2417 1718 2499 possit,

242 2519 488 2581 multum
536 2520 825 2602 am'bigo.
912 2516 1276 2581 Enimvero
1324 2518 1718 2601 quo'minus

244 2624 451 2684 numos
495 2623 838 2708 utriusque
873 2619 1149 2703 Augusti
1200 2618 1582 2702 homonymi
1616 2640 1719 2682 re·

240 2735 333 2785 cte
373 2724 683 2800 hactenus
723 2723 1109 2787 distributos
1154 2719 1456 2800 credam,
1503 2723 1716 2805 ipsum

237 2825 527 2890 Bandurii
588 2827 903 2911 judicium
973 2824 1273 2889 dubitare
1341 2844 1465 2886 nos
1506 2824 1715 2904 jubet.

242 2931 295 2992 1⁸
327 2930 563 2995 Galerii
599 2935 887 3012 Δωρικὰ·
934 2927 1205 2990 unicum
1249 2946 1557 3004 aureum,
1618 2949 1719 2991 ar·

240 3049 524 3114 genteum
561 3032 819 3094 nullum
854 3028 1199 3114 produxit,
1247 3030 1375 3089 etsi
1410 3030 1717 3112 copiosos

239 3135 362 3216 ejus
420 3138 721 3200 Caesari-s
780 3134 846 3193 in
894 3147 1190 3215 ‘utroque
1271 3131 1542 3194 metallo
1608 3151 1716 3192 ex·

242 3235 455 3301 hibent.
503 3241 741 3306 Vtrum
775 3234 1173 3309 verisimile,
1222 3234 1558 3316 Augusto,
1603 3234 1718 3318 qui

244 3357 342 3401 sex
370 3341 522 3424 ipsis
542 3341 727 3402 annis
761 3357 1047 3412 summa,
1092 3355 1168 3399 ac
1198 3336 1478 3415 majore,
1524 3356 1717 3418 quam

236 3443 562 3528 conlegae,
645 3438 1326 3524 potestat‘eaeimperio
1407 3436 1714 3520 praefuit,

240 3553 351 3604 tam
392 3564 676 3626 paucos,
758 3554 871 3604 aut
920 3540 1116 3602 etiam
1172 3540 1389 3602 nullos
1439 3540 1507 3599 in
1555 3560 1718 3602 auro

242 3658 301 3708 et
324 3639 591 3730 argento
638 3643 977 3708 dedicatos
1030 3642 1236 3706 fuisse
1274 3643 1552 3705 numos?
1596 3643 1719 3703 Er-

236 3767 316 3830 go
358 3764 424 3812 ut
470 3747 743 3811 dubium
793 3767 925 3809 non
978 3746 1282 3822 videtur,
1366 3744 1594 3828 plures
1638 3765 1721 3808 ex

241 3851 425 3912 numis
478 3850 596 3926 iis,
664 3849 777 3933 qui
827 3850 1038 3912 solum
1098 3851 1499 3913 Maximiani
1526 3839 1721 3927 Ἀαρ.

243 3971 455 4017 nomen
511 3954 786 4028 sistunt,
850 3952 935 4015 ad
978 3951 1315 4022 Galerium
1357 3948 1719 4032 pertinere,

245 4051 319 4117 ita
360 4069 634 4140 propter
697 4055 921 4118 allatas
979 4073 1202 4116 causas
1253 4053 1362 4116 vix
1415 4049 1719 4112 existimo

246 4172 479 4222 exstare
526 4158 908 4234 criterium,
972 4154 1147 4240 quod
1214 4155 1745 4246 utriusqne2nu-⁴

246 4281 363 4322 mos
392 4261 846 4335 discriminet,
911 4279 1274 4343 quanquam
1328 4256 1483 4319 huic
1532 4253 1718 4317 illive

238 4353 516 4445 largiaris
582 4383 819 4425 numos
880 4358 1580 4434 Maximianissnomine
1626 4358 1721 4419 in-

247 4463 472 4546 signes,
541 4467 670 4531 etsi
699 4466 876 4530 forte
913 4463 1333 4552 peccaveris,
1377 4473 1717 4546 peccatum

253 4568 355 4629 erit
401 4572 546 4653 ejus
594 4571 898 4656 generis,
973 4589 1104 4654 quo
1158 4585 1377 4651 neque
1426 4563 1719 4639 historia,

305 4791 352 4857 ³)
384 4791 557 4848 Tom.
599 4789 676 4846 11.
718 4810 777 4867 p.
821 4800 942 4854 135.

3257 526 3369 594 δῖ-

1850 706 2071 771 ueque
2128 688 2562 778 chronologia
2623 689 3091 758 detrimentum
3148 691 3352 777 patie-

1850 802 1982 853 tur.

1979 891 2412 958 Maximianus
2479 895 2591 960 hic
2649 895 2894 962 dicitur
2943 897 3200 966 lvNior
3261 896 3348 960 ob

1848 991 2129 1055 eandem
2161 1006 2465 1074 causam,
2525 988 2805 1085 propter
2856 1020 3044 1084 quam
3096 999 3352 1065 Hercu·

1847 1095 1976 1157 lius
2034 1096 2101 1155 in
2160 1097 2375 1160 numis
2445 1103 2578 1164 suis
2639 1102 2851 1166 dictus
2913 1114 3015 1163 est
3057 1099 3353 1164 SENs'or.

1844 1189 2097 1261 Eorum
2144 1202 2505 1281 sententis,
2574 1205 2687 1288 qui
2735 1203 3114 1268 Maximiani
3140 1202 3353 1283 junio-

1846 1299 1942 1388 ris
1979 1302 2247 1365 nomine
2286 1322 2417 1365 non
2459 1319 2755 1370 nostrum
2793 1307 3009 1380 hunc,
3053 1303 3173 1367 sed
3206 1303 3349 1388 ejus

1845 1403 2215 1486 quempiam
2247 1405 2453 1469 filium
2481 1407 2761 1473 indicari
2789 1407 3140 1472 credidere
3159 1449 3177 1482 ‚
3219 1407 3351 1488 jam

1846 1506 2039 1568 etiam
2097 1506 2431 1572 Bandurio
2487 1508 2820 1594 displicuit
2867 1510 2964 1593 ⁸),
3023 1521 3094 1572 et
3136 1507 3348 1572 serius

1845 1606 2039 1670 etiam
2070 1610 2385 1675 Bimardo
2416 1612 2503 1693 ¹³).

1969 1709 2198 1774 Cultus
2253 1713 2484 1796 capitis
2547 1698 2648 1775 e‘st
2705 1725 2779 1776 ut
2831 1714 2900 1774 in
2944 1710 3158 1774 numis
3203 1709 3347 1794 ejus

1842 1810 2161 1873 Caesaris.

2580 1913 2619 1950 *-

2412 1960 2453 1995 ι
2745 1960 2783 1998 ιιι

2133 2019 2219 2078 Vt
2263 2018 2360 2079 ls‘t.
2399 2020 2466 2078 C.

1840 2115 2243 2179 PRINCIPI.
2338 2116 2903 2183 IVVEN'I'VTIS.
2991 2118 3345 2196 Imperator

1831 2222 2189 2295 paludatus
2226 2230 2408 2281 stans
2443 2224 2504 2280 d.
2535 2224 2847 2284 vexillum
2870 2228 3040 2283 tenet
3053 2262 3070 2293 ,
3114 2238 3167 2278 s.
3190 2220 3349 2279 alto·

1839 2340 1999 2381 rum.
2047 2320 2186 2382 AE.
2222 2320 2300 2382 ΙΙ.
2336 2317 2607 2399 (Band.)
3059 2384 3063 2390 Δ

1967 2421 2209 2484 Mirum
2267 2419 2646 2497 videretur,
2727 2420 3066 2484 Galerium
3130 2416 3342 2482 adhuc

1838 2520 2206 2603 Augustum
2240 2521 2370 2585 dici
2396 2523 2762 2606 principem
2797 2519 3174 2604 juventutis,
3215 2519 3344 2582 nisi

1837 2620 1979 2701 ejus
2011 2621 2139 2704 jam
2201 2626 2467 2710 copiosa
2516 2624 2966 2689 habuissemus
3017 2622 3341 2704 exempla,

1838 2744 2204 2808 quanquam
2236 2726 2411 2790 istud
2447 2727 2652 2811 magis
2693 2728 2930 2790 mirum
2961 2724 3028 2784 in
3045 2723 3341 2799 Galerio,

1836 2826 1943 2889 cui
1983 2842 2253 2910 praesto
2302 2829 2492 2894 suere
2530 2833 2881 2908 Caesares,
2926 2827 3160 2914 quibus
3193 2827 3341 2889 titu-

1832 2928 1934 2991 lus
1973 2930 2081 2993 hic
2121 2951 2206 2995 ex
2262 2946 2494 2997 vetere
2533 2934 2830 2998 instituto
2876 2930 3082 3014 magis
3115 2929 3342 2993 fuerat
3479 2975 3485 2984 .

1832 3033 2158 3116 proprius.
2277 3112 2284 3119 ²

2577 3135 2615 3172 *

2744 3183 2781 3218 ἅ

2124 3241 2210 3297 m
2252 3240 2348 3298 lit.
2396 3183 2460 3299 ἒ.
3326 3261 3358 3283 -

1833 3337 2233 3406 SECVRIT.
2273 3339 2649 3400 PEPRET.
2680 3341 2831 3418 (sic)
2853 3339 3162 3406 DD.NN.
3197 3345 3336 3405 Mu-

1832 3443 1955 3502 tier
1984 3444 2317 3500 dexteram
2359 3444 2566 3519 capiti
2617 3446 2941 3517 admovet,
2984 3464 3035 3503 s.
3082 3446 3338 3506 hastam

1835 3549 2037 3614 tenet,
2083 3548 2149 3601 et
2189 3531 2388 3601 simul
2432 3544 2618 3618 cippo
2665 3545 2988 3605 innititur.
3076 3542 3216 3600 ΔΕ.
3254 3543 3334 3605 11.

1839 3637 2217 3718 (Banduri.)

1964 3741 2326 3818 Existimo,
2388 3731 2656 3804 numum
2713 3742 2888 3806 hunc
2948 3763 3080 3808 non
3124 3746 3335 3810 multo
3453 3761 3459 3766 '

1834 3860 1985 3928 post
2010 3842 2212 3908 fuisse
2249 3846 2571 3929 signatum
2598 3889 2615 3921 ,
2660 3867 2848 3929 quam
2882 3848 3337 3912 Diocletianus

1837 3960 1903 4007 et
1946 3947 2378 4011 Maximianus
2439 3948 2720 4032 imperio
2779 3969 3176 4025 excessere,
3253 3953 3336 4014 ad

1836 4069 2084 4133 eosque
2136 4051 2339 4114 ‘solos
2418 4051 2758 4134 pertinere
2840 4052 3336 4140 inscriptionem

1835 4172 2144 4227 aversae,
2175 4142 2316 4237 'qua
2349 4153 2430 4216 iis
2462 4161 2777 4218 securitas
2801 4170 3147 4238 perpetua,
3184 4175 3336 4238 pro-
3451 4205 3454 4212 Α

1835 4255 2214 4318 curantibus
2258 4275 2401 4318 eam
2449 4256 2638 4322 novis
2687 4258 2997 4340 Augustis
3043 4280 3123 4332 ¹ac
3174 4260 3334 4322 Cae·

1836 4356 2123 4433 saribus,
2171 4359 2573 4440 spondetur3
2635 4380 2780 4419 nam
2829 4360 2955 4423 hac
3000 4373 3213 4424 aetate
3256 4359 3334 4423 ti-

1837 4461 2013 4522 tulus
2050 4463 2316 4525 Dbmim'
2370 4467 2597 4527 Nostra·
2651 4461 2718 4522 in
2771 4474 3032 4526 moneta
3081 4475 3331 4524 tantum

1833 4563 1937 4627 his
1980 4562 2178 4626 modo
2223 4563 2499 4649 privatis
2550 4564 2876 4648 impertiri
2932 4565 3162 4629 solitus
3208 4578 3327 4639 est,

1124 4787 1218 4859 b>
1258 4781 1340 4841 nd
1376 4782 1591 4843 lobert.
1632 4783 1699 4841 Τ.
1739 4781 1813 4843 11.
1852 4802 1913 4858 p.
1949 4761 2077 4848 sos.
