4388 5576
1161 475 1314 551 DE
1383 473 1754 551 NVMIS

271 665 444 731 statis
468 662 886 748 ‚incompleta
935 675 1263 730 votorum·
1287 663 1482 728 etiam
1529 662 1754 727 simili-

270 765 493 832 tudine
551 764 832 858 amplius
892 764 1391 831 consolidaret.'
1445 763 1648 859 Quid
1681 766 1752 826 in

270 869 394 936 hoc
416 867 798 931 tribuna-tus
814 905 825 912 -
839 868 1146 935 Caesarei
1185 865 1439 929 calculo
1484 863 1755 947 praesti·

270 972 458 1047 terit,
515 968 671 1059 alibi
715 968 1033 1046 diximus,
1094 968 1252 1054 quid
1294 969 1363 1030 in
1402 960 1753 1053 praesente

272 1084 570 1140 votorum
626 1084 1051 1153 argumento,
1111 1071 1233 1135 etsi
1280 1087 1562 1157 operose
1606 1090 1779 1135 con-e

272 1174 555 1259 scripto,
612 1184 795 1234 tanto
854 1173 1063 1257 magis
1104 1170 1395 1237 ›difficile
1439 1185 1540 1236 est
1584 1172 1760 1235 deci-

273 1275 466 1353 dere,
527 1272 678 1358 quia
717 1275 847 1357 jam
888 1273 1173 1356 primum
1221 1294 1478 1338 causam
1528 1274 1755 1358 ipsam,

272 1397 459 1463 quam
500 1392 921 1459 propugnare
979 1390 1047 1438 et
1089 1377 1423 1461 explicare
1464 1375 1759 1438 intende·

276 1495 415 1555 rat,
472 1489 604 1540 tam
661 1476 964 1560 ambigue
987 1522 1005 1555 ,
1063 1491 1132 1540 et
1186 1479 1465 1542 obscure
1520 1496 1781 1561 propo-·

276 1582 430 1658 suit,
473 1593 547 1643 ut
592 1578 700 1646 vel
743 1580 812 1641 iu
857 1581 986 1643 hoc
1025 1579 1215 1644 nobis
1264 1567 1627 1667 interprete
1677 1580 1764 1643 sit

234 1703 467 1768 ,opus‚
529 1701 603 1746 ac
653 1680 937 1765 denique
981 1683 1284 1774 universa
1334 1684 1475 1768 ejus
1516 1682 1765 1747 doctri-

272 1808 354 1850 na
415 1784 794 1869 conquisitis
856 1785 1145 1869 undique
1204 1807 1289 1849 ex
1352 1785 1627 1850 historia
1684 1801 1762 1848 ac

272 1901 532 1951 moneta
574 1901 806 1950 vetere
850 1886 1204 1970 exemplis,
1265 1907 1343 1951 ac
1386 1906 1584 1972 saepe
1627 1886 1765 1951 vio·

272 1989 488 2051 lenter
527 1987 609 2052 ad
654 2007 909 2051 causam
953 1989 1194 2052 adactis
1231 1999 1623 2074 perpetuum
1659 1999 1766 2052 est

276 2090 740 2172 aenigmatum,
788 2110 860 2153 ac
904 2089 1216 2153 orationis
1253 2089 1570 2156 obscur'ae
1609 2109 1764 2158 con.-

271 2193 586 2276 fusaeque
607 2197 1102 2274 argumentum.

398 2294 534 2371 Cur
569 2293 636 2352 in
690 2292 818 2356 hoc
864 2306 1166 2357 votorum
1203 2293 1501 2359 examine
1532 2315 1761 2378 parum

271 2392 396 2457 viri
438 2394 509 2482 hi
552 2393 892 2457 clarissimi
934 2396 1372 2480 profecerint,
1428 2397 1762 2482 duplicem

272 2494 469 2561 video
500 2515 648 2559 esse
683 2517 935 2562 causam
957 2544 974 2576 ,
1021 2513 1213 2584 atque
1247 2520 1438 2564 unam
1474 2498 1779 2584 quidem,

273 2598 423 2682 quia
479 2597 833 2681 scriptores
890 2615 1152 2665 veteres
1211 2601 1598 2684 explicatam
1648 2619 1765 2663 no-

270 2699 373 2762 bis
418 2719 648 2763 eorum
690 2704 1011 2768 rationem
1054 2723 1185 2766 non
1232 2703 1599 2782 tradidere,
1670 2717 1763 2765 at·

270 2824 399 2889 que
459 2804 585 2867 etsi
640 2825 773 2868 non
829 2825 982 2871 raro
1035 2824 1157 2869 nos
1208 2807 1567 2885 instruant,
1627 2826 1760 2891 quo

234 2906 416 3002 'quis
473 2905 836 2990 imperator
910 2913 1082 2973 anno
1158 2907 1541 2974 decennalia
1610 2921 1762 2975 vota
1811 2954 1819 2963 .

268 3006 643 3091 peregerit,
704 3022 920 3071 tamen
972 3030 1107 3073 non
1168 3009 1487 3089 indicant,
1542 3023 1762 3074 utrum

267 3108 435 3171 haec
479 3107 644 3170 festa
686 3100 989 3191 temPore
1031 3109 1373 3192 legitimo,
1418 3133 1501 3174 an
1547 3111 1762 3173 alieno

267 3206 523 3272 fuerint
585 3207 791 3284 obita,
862 3208 1045 3269 numi
1119 3230 1279 3275 vero
1338 3231 1502 3275 raro
1575 3210 1764 3274 nobis

271 3328 511 3372 annum
556 3307 835 3385 dictant,
881 3311 993 3394 qui
1037 3322 1255 3373 certus
1300 3311 1421 3387 sit,
1465 3310 1763 3393 nullique

271 3408 475 3475 dubio
536 3409 891 3487 obnoxius,
950 3423 1023 3473 ut
1065 3431 1151 3473 ex
1190 3412 1555 3476 observatis
1600 3411 1764 3474 meis

270 3512 434 3576 licet
490 3512 917 3596 perspiceres
981 3512 1291 3591 alteram,
1352 3514 1505 3597 quia
1560 3513 1789 3579 iidem.

264 3612 401 3681 viri
435 3612 716 3691 eruditi,
775 3627 846 3677 ut
879 3635 1073 3697 supra
1102 3616 1323 3693 innui,
1365 3630 1625 3701 arrepta
1666 3637 1767 3681 se-

267 3716 407 3782 mel
451 3739 567 3780 sua
609 3718 692 3779 de
735 3715 817 3779 iis
860 3704 1181 3793 sententia
1245 3717 1620 3782 libertatem
1652 3718 1771 3781 ab·

268 3812 533 3903 jecere,
576 3832 881 3884 votorum
919 3822 1326 3902 tempus,‘ut
1367 3840 1605 3884 revera
1648 3834 1767 3897 est,

268 3923 635 3997 incertum,
682 3920 1159 4005 confusumque
1202 3920 1589 4005 profitendi,
1651 3921 1771 3987 sed

268 4026 568 4090 maluere
623 4024 913 4107 ipsorum
971 4036 1546 4087 monumentorum
1589 4037 1770 4091 vete-

267 4147 422 4190 rum
471 4125 768 4210 ingratiis
807 4125 1102 4189 stabilire
1145 4127 1363 4210 leges,
1426 4148 1584 4212 quas
1618 4149 1766 4192 suas

271 4245 558 4315 unquam
611 4227 816 4313 fuisse
859 4228 998 4310 ipsa
1051 4227 1223 4291 haud
1270 4227 1469 4292 dubie
1520 4229 1768 4294 inficie-

267 4338 385 4389 tur
443 4325 805 4410 antiquitas.
889 4330 1188 4413 Vtroque
1232 4350 1322 4393 ex
1365 4332 1577 4415 capite
1620 4351 1767 4397 eau-

266 4425 410 4490 tior
464 4444 598 4510 ego
655 4427 814 4490 nolo
870 4442 1128 4495 tentare
1187 4433 1461 4511 vadum,
1506 4453 1590 4497 ex
1632 4452 1764 4521 quo

164 4541 193 4557 ·
218 4591 234 4603 ,
264 4525 578 4613 reperire
630 4528 882 4604 exitum
942 4530 1213 4596 difficile
1273 4548 1408 4612 est,
1483 4545 1555 4597 et
1610 4536 1765 4599 satis

1824 471 2437 552 Vo‘TORVM.

3202 499 3390 573 487,

1865 678 1972 724 me
2014 658 2416 746 praestitiam
2475 656 2809 739 existimo,
2871 678 3171 731 votorum
3229 684 3352 734 sta·

1866 776 2039 842 tum,
2077 777 2393 848 quatenus
2437 760 2491 823 is
2525 757 2822 846 ¹intelligi
2861 785 2943 829 ex
2988 771 3200 832 numis
3239 794 3358 855 po·

1866 878 2035 942 test,
2125 861 2479 950 propositis
2558 863 2918 930 observatis
2996 889 3355 953 exponere,

1871 987 2034 1053 quae
2082 966 2402 1052 quidem,
2485 967 2775 1051 quisquis
2833 981 3080 1033 attente
3144 976 3362 1055 perle-

1874 1069 2082 1154 gerit,
2126 1067 2308 1131 ultro
2351 1065 2697 1142 fatebitur,
2758 1071 3031 1154 singulis
3076 1076 3363 1142 erudito·

1870 1192 2017 1233 rum
2053 1169 2428 1245 sententiis,
2474 1188 2629 1252 quas
2666 1177 3205 1253 commemoravi,
3255 1200 3362 1261 pa·

1871 1271 2002 1334 lam
2022 1269 2400 1335 adversari.

2000 1371 2187 1463 Quae
2234 1392 2396 1454 ergo
2441 1373 2508 1434 in
2553 1373 2655 1436 his
2713 1375 3009 1438 tenebris
3051 1377 3133 1439 ad
3180 1393 3364 1444 voto·

1873 1495 2021 1538 rum
2064 1473 2568 1558 intelligentiam
2610 1475 2918 1540 videntur
2951 1498 3145 1560 posse
3196 1483 3360 1559 erui,

1874 1574 2041 1641 hltec
2080 1575 2228 1640 fere
2271 1577 2574 1659 reperio:
2620 1577 2773 1640 inde
2818 1576 2899 1641 ab
2929 1580 3226 1663 Augusto
3270 1583 3386 1648 in-

1877 1679 2180 1754 stitutore
2224 1677 2604 1743 decennalia
2641 1680 2822 1742 annis
2855 1680 2936 1746 X.
2980 1684 3224 1746 exactis
3267 1686 3366 1748 fu·

1875 1782 2008 1846 isse
2068 1780 2314 1861 soluta,
2377 1780 2586 1844 serius
2643 1795 2898 1865 tempus
2944 1804 3018 1846 ea
3064 1784 3364 1870 solvendi

1872 1903 1964 1945 ex
2007 1902 2200 1948 causa
2241 1881 2376 1947 sive
2422 1883 2627 1965 justa,
2685 1884 2825 1949 sive
2868 1886 3209 1951 arbitraria
3252 1904 3364 1954 aut

1875 1985 2080 2049 fuisse
2165 1985 2581 2070 anticipatum
2600 2015 2637 2063 ‚·
2719 2001 2834 2050 aut
2915 2002 3362 2073 prorogatum.

1848 2088 2062 2149 'Haec
2106 2086 2384 2150 va'rietas
2431 2108 2560 2151 non
2606 2088 2673 2149 in
2721 2086 2823 2149 his
2872 2091 3015 2151 unis
3060 2105 3365 2169 votorum
3431 2138 3442 2146 -

1877 2189 2255 2253 solennibus
2298 2191 2702 2266 observatur.
2784 2190 3085 2255 Diximus
3129 2194 3194 2253 in
3240 2208 3371 2257 tra·

1877 2304 2050 2355 ctatu
2085 2290 2169 2353 de
2208 2290 2548 2356 tribunicia
2582 2304 2940 2376 potestate,
2984 2294 3150 2358 hanc
3191 2298 3368 2379 prin·

1875 2393 2050 2478 cipio
2092 2409 2470 2458 renovatam
2531 2393 2730 2456 fuisse
2776 2394 2885 2458 die
2928 2395 3123 2458 natali
3167 2398 3372 2481 impe·

1875 2492 1992 2573 rii',
2035 2508 2101 2558 at
2145 2493 2344 2558 docet
2393 2495 2829 2580 experientia,
2874 2497 3123 2560 circum
3166 2502 3369 2563 Anto-

1874 2598 2181 2660 ninorum
2245 2610 2574 2682 tempora,
2642 2617 2717 2661 ac
2780 2598 3091 2683 deinceps
3151 2600 3372 2683 placu-

1875 2700 2007 2762 isse
2034 2695 2188 2761 eam
2220 2702 2526 2765 renovari
2553 2699 2870 2764 Kalendis
2900 2699 3232 2764 Ianuariis.
3293 2704 3372 2765 In

1878 2794 2295 2865 celebrandis
2372 2802 2813 2868 saecularibus
2879 2803 3050 2866 ludis
3124 2803 3371 2888 duplex

1877 2903 2080 2968 fuisse
2138 2904 2550 2968 observatum
2607 2919 2897 2990 tempus,
2952 2920 3146 2990 atque
3202 2907 3372 2971 illud

1877 3026 2338 3089 nonnunquam
2399 3006 2852 3090 anticipatum,
2931 3008 3096 3071 alibi'
3154 3009 3373 3094 dispu-

1879 3109 2176 3171 tavimus.
2267 3105 2462 3196 Quod
2508 3109 2564 3168 si
2605 3107 3035 3191 imperatores
3095 3114 3370 3195 permis-

1879 3229 2020 3271 sum
2078 3206 2207 3268 sibi
2264 3220 2619 3289 putavere,
2679 3210 2746 3270 in
2805 3211 3004 3274 rebus
3067 3213 3371 3294 gravissi·

1879 3309 2040 3383 mis,
2103 3319 2172 3370 et
2232 3307 2600 3369 universam
2661 3330 2869 3393 remp.
2932 3314 3372 3394 spectantibus

1876 3423 2176 3475 veterem
2239 3429 2490 3472 morem
2551 3410 2948 3493 infringere,
3021 3397 3260 3498 quanto
3321 3415 3372 3475 ii

1878 3512 2132 3577 facilius
2173 3522 2532 3601 potuerunt
2570 3512 2650 3574 ad
2695 3512 3097 3579 voluntatem
3144 3514 3371 3579 defini,-

1878 3634 1957 3678 re
2015 3626 2272 3698 tempus
2327 3626 2662 3689 votorum,
2725 3636 2889 3699 quae
2950 3614 3033 3677 ad
3091 3637 3162 3680 se
3206 3638 3371 3679 unos

1880 3715 2309 3803 pertinuere?
2374 3729 2453 3779 et‘
2499 3730 2738 3800 quanto
2782 3715 2954 3778 istud
2998 3717 3212 3780 minus
3253 3719 3373 3782 mi-

1881 3839 2026 3881 rum
2070 3816 2138 3898 in
2181 3814 2585 3901 principibus
2640 3818 2838 3884 animi
2880 3818 3103 3883 stolidi
3136 3833 3211 3881 et
3253 3821 3372 3884 im-

1880 3919 2204 4005 potentis,
2273 3933 2341 3982 et
2400 3940 2601 3984 unum
2659 3942 2847 3983 suum
2904 3919 3244 3986 arbitrium
3302 3924 3371 3984 in

1883 4020 2228 4087 consilium
2263 4020 2768 4086 adhibentibus?
2813 4025 3015 4097 Teste
3053 4024 3371 4090 Suetonio
3436 4013 3445 4019 ’

1836 4156 1841 4161 -
1880 4125 2063 4190 Nero
2093 4136 2427 4188 certamen
2455 4125 2972 4210 quinquennale,
3018 4126 3200 4221 cujus
3227 4128 3371 4211 ipse

1881 4241 2110 4292 auctor
2152 4226 2305 4304 fuit,
2370 4240 2435 4315 et
2477 4228 2658 4311 cujus
2701 4229 2843 4310 ipse
2887 4240 3178 4310 tempus,
3239 4248 3368 4310 quo

1882 4343 2229 4415 ageretur,
2274 4328 2676 4412 designavit,
2724 4340 2871 4391 ante
2915 4328 3368 4412 praestitutum
3428 4385 3434 4391 .

1880 4432 2057 4495 diem
2141 4429 2478 4496 revocavit
2518 4431 2598 4512 ει).
2691 4424 3102 4495 Domitianus
3188 4430 3384 4495 nulla'

1879 4535 2141 4618 cognita
2182 4545 2374 4598 causa
2415 4529 2608 4597 ludos
2650 4533 3016 4600 saeculares
3048 4531 3363 4598 sexennio

339 4742 407 4817 a)
441 4736 509 4800 in
543 4737 780 4801 Nerone
816 4752 869 4804 e.
905 4753 995 4804 21.
