4388 5576
484 1464 1805 1679 ‘oBsERvATA

1964 1539 3236 1703 GENERALIA..

1302 2488 1400 2607 c
1506 2493 1605 2605 A
1712 2392 2223 2609 P'vj'r
2385 2487 2470 2605 1.

1037 3060 1176 3122 DE
1263 3051 1939 3124 CONSVLIBVS
2023 3041 2731 3121 CAESARIBVS.
2833 3097 2838 3102 ,

343 3251 569 3401 Quae
612 3310 818 3375 fuerit
871 3309 1243 3374 consulatus
1293 3309 1578 3372 Romani
1624 3307 1836 3391 orig0‚

342 3434 511 3498 quae
541 3412 820 3497 dignitas
842 3455 860 3487 ,
906 3423 1143 3495 quanta
1175 3422 1499 3492 potestas,
1547 3428 1710 3493 quae
1745 3410 1840 3472 vi-

340 3514 794 3590 cissitudines,
856 3509 1033 3574 istud
1080 3531 1274 3573 omne
1329 3509 1662 3594 explicare
1705 3508 1841 3572 mei

340 3617 623 3679 instituti
660 3633 796 3677 non
846 3625 979 3691 est,
1038 3625 1106 3674 et
1139 3610 1397 3675 abunde
1448 3633 1531 3675 ex
1566 3612 1840 3677 historia

341 3719 597 3781 Romae
654 3714 909 3778 liberae
964 3713 1320 3796 cognitum.
1406 3714 1841 3799 Posteaquam

340 3816 808 3897 Iulius-Caesar
837 3815 1067 3880 orbem
1089 3820 1173 3883 R.
1202 3816 1329 3880 sihi
1359 3815 1656 3901 subjecit,
1693 3819 1839 3903 ipse

303 3957 317 3978 .
342 3930 412 3983 et
442 3936 859 3983 successores
913 3938 1048 3981 non
1086 3917 1286 3981 modo
1322 3921 1692 4003 procedere
1734 3943 1842 3985 an-

343 4041 511 4085 nuos
560 4022 869 4086 consules
906 4043 990 4085 ex
1048 4034 1277 4087 vetere
1314 4020 1841 4108 instituto-passi

343 4137 528 4201 sunt,
573 4124 699 4188 etsi
734 4123 899 4209 nihil
942 4124 1023 4187 iis
1064 4136 1332 4212 praeter
1363 4121 1694 4209 dignitatis
1725 4147 1842 4189 no·

342 4245 497 4289 men
531 4225 1026 4310 relinquerent,
1073 4225 1193 4290 sed
1231 4239 1298 4288 et
1318 4223 1443 4309 ipsi
1471 4248 1667 4311 saepe
1689 4248 1842 4291 con·

328 4326 626 4410 „sulatum
662 4326 898 4390 additis
929 4326 1056 4389 sibi
1074 4327 1367 4412 conlegis
1403 4329 1595 4392 etiam
1630 4332 1841 4414 priva-

340 4426 425 4488 tis
463 4415 836 4511 suscepere.
882 4432 957 4491 In
988 4428 1115 4493 hoc
1148 4429 1488 4493 consul'um
1521 4432 1838 4496 Kalendis

342 4529 653 4594 Ianuariis
717 4549 1035 4615 processu
1106 4552 1256 4596 cum
1305 4533 1453 4595 fasti
1511 4535 1840 4602 Romano·
1870 4609 1873 4614 .

342 4633 535 4709 ωιτη
569 4645 636 4696 et
683 4645 819 4695 tota
872 4632 1040 4698 adeo
1089 4647 1460 4720 temporum
1498 4635 1705 4699 series
1743 4635 1836 4696 ni-

337 4744 592 4810 tantur,
641 4748 895 4800 etsmos
950 4734 1119 4797 inde'
1155 4757 1192 4797 a
1225 4737 1274 4800 l.
1317 4739 1594 4804 Caesare
1628 4757 1834 4822 usque

1950 3302 2033 3368 ad
2068 3303 2348 3367 inferius
2393 3325 2627 3372 aevum
2660 3307 3052 3388 obtinuerit,
3096 3323 3169 3375 ut
3204 3314 3450 3398 priuci-

1950 3426 2071 3491 pes
2101 3407 2475 3470 consulatus
2519 3427 2670 3471 suos
2694 3452 2712 3485 ,
2760 3429 3121 3498 eorumque
3158 3411 3450 3481 iteratio-

1951 3514 2105 3571 n‘em
2139 3520 2443 3572 monetae
2473 3509 2956 3587 inscriberent,
2998 3511 3303 3579 dubitare
3333 3535 3449 3581 ne·

1954 3628 2062 3672 mo
2113 3621 2369 3692 potest,
2449 3610 2901 3676 consulatuum
2972 3615 3451 3682 caesareorum

1954 3711 2462 3795 intelligentiam
2500 3710 2580 3773 ad
2614 3710 3149 3799 chronologicam
3168 3717 3447 3803 impera-

1894 3857 1904 3866 ·
1953 3826 2205 3892 torum,
2243 3814 2523 3900 ⁸ejusque
2550 3816 2778 3881 aetatis
2807 3817 3147 3884 historiam
3173 3821 3449 3908 insignis
3523 3880 3530 3884 ,

1954 3937 2102 3987 esse
2138 3918 2475 3984 momenti.

2082 4018 2262 4082 Istud
2307 4039 2455 4083 cum
2511 4018 2964 4106 intelligerent
2999 4023 3125 4088 viri
3181 4025 3449 4106 eruditi,

1956 4136 2025 4188 et
2056 4143 2257 4210 saepe
2291 4122 2372 4186 iis
2407 4123 2475 4184 in
2522 4123 2945 4189 emendandis
2990 4123 3172 4198 fastis
3209 4126 3292 4189 ad
3332 4148 3455 4193 nu-

1954 4246 2214 4289 morum
2256 4239 2429 4289 esset
2461 4213 2918 4313 auctoritatem·
2946 4228 3450 4310 recurrendum,
3549 4253 3562 4260 ⁴

1953 4350 2086 4392 non
2117 4328 2391 4392 defuere
2414 4373 2430 4405 ,
2478 4328 2587 4412 qui
2618 4327 2802 4389 istud
2823 4329 3273 4393 consulatuum
3288 4333 3452 4406 Cae·

1955 4450 2297 4494 sareorum
2389 4444 2845 4515 argumentum
2925 4429 2996 4490 in
3076 4428 3452 4496 adcuratius

1954 4552 2230 4596 examen
2260 4529 2629 4597 vocandum
2655 4530 3211 4602 existimaverunt.
3295 4536 3476 4624 Om-¹

1949 4618 2130 4695 n‘ium
2181 4633 2248 4695 in
2294 4625 2422 4696 hoc
2487 4648 2872 4718 argumento
2916 4634 3305 4702 industriam
3349 4660 3455 4704 su-

1930 4735 2211 4822 peravit
2246 4733 2566 4805 Antonius
2608 4737 2847 4824 Pagius
2894 4739 2962 4805 in
2995 4763 3110 4808 sua
3147 4733 3452 4815 discortass
