4388 5576
1106 456 1263 530 DE
1334 430 1960 533 CONSVLI'B.
2037 457 2651 532 CAEsAmss.

290 631 554 718 ‘drigae
596 635 1113 719 elephantorum.
1198 639 1349 702 Non
1384 639 1657 723 ignoro,
1702 639 1820 701 im·-

333 753 673 819 pcratores
730 757 858 800 non
914 760 1065 802 raro
1125 741 1191 807 in
1249 743 1580 826 quadrigis
1625 742 1817 825 hujus

330 840 622 902 animalis
653 839 1085 924 triumphasse
1114 844 1400 928 primum
1434 844 1573 927 ejus
1601 865 1824 907 exem·

330 942 510 1025 plum
568 942 872 1024 vulgante
917 943 1234 1028 Pompejo
1278 947 1521 1028 Magno
1578 947 1645 1006 in
1709 947 1821 1008 tri-

331 1043 581 1125 umpho.
612 1044 924 1127 Africano
974 1058 1138 1108 teste
1192 1049 1409 1112 Plinio
1444 1048 1524 1128 ⁸).
1586 1050 1822 1112 Narrat

330 1145 743 1230 Lampridius
790 1143 890 1228 ¹³),
961 1147 1405 1211 Alexandrum
1479 1150 1821 1227 Severum,

332 1267 478 1308 cum
515 1247 594 1309 ab
632 1246 1051 1333 expeditione
1090 1252 1353 1314 Persica
1392 1253 1603 1315 redux
1638 1255 1823 1335 Capi-

332 1350 561 1410 tolium
602 1351 1024 1427 ascenderet,
1073 1354 1135 1411 in
1190 1368 1307 1415 suo
1354 1355 1663 1431 comitatu
1715 1355 1825 1420 ha·

333 1440 552 1511 buisse
599 1473 866 1515 currum
913 1450 1397 1536 triumphalem'
1431 1464 1485 1517 a*
1519 1459 1629 1524 vt.
1691 1455 1825 1519 ele-

331 1544 588 1635 phantis
622 1568 920 1620 tractum.
1008 1556 1322 1619 Nunciata
1348 1559 1620 1619 Romam
1658 1556 1827 1619 Gor-

331 1652 504 1716 diani
552 1654 634 1717 de
668 1656 887 1719 Persis
932 1657 1235 1734 victoria,
1282 1671 1542 1721 senatus
1592 1659 1824 1722 victori

332 1755 705 1839 quadrigas,
765 1758 1264 1839 elephantorum
1322 1752 1325 1757 ’
1368 1761 1666 1825 decrevit
1707 1762 1824 1844 ·0).

337 1854 524 1950 Quae
572 1879 760 1923 causa
807 1862 965 1936 fuit,
1011 1882 1130 1925 cur
1168 1883 1283 1926 eos
1320 1865 1591 1927 Pacatus
1637 1882 1824 1926 voca-

335 1974 435 2021 ret
475 1967 886 2041 triumphales
908 1968 1154 2027 belluas
1184 1963 1272 2049 d).
1318 1967 1401 2027 At
1434 1979 1685 2028 certum
1724 1975 1824 2025 est

335 2060 562 2140 etiam,
610 2063 996 2146 elephantos
1040 2086 1169 2128 non
1216 2066 1295 2130 ad
1342 2067 1554 2129 solum
1600 2065 1828 2127 trium·

333 2163 535 2247 phum
579 2154 780 2227 fdisse
828 2167 1171 2231 adhibitos.
1261 2169 1470 2252 Saepe
1528 2166 1824 2231 videmus

331 2263 398 2324 in
445 2266 682 2344 numis,
724 2272 1201 2353 Augustorum,
1255 2273 1823 2354 Augustorumque

334 2366 580 2429 thensis
616 2369 730 2431 has
769 2370 1019 2433 belluas
1053 2373 1253 2435 fuisse
1285 2373 1572 2456 junctas,
1619 2386 1688 2435 et.
1731 2370 1826 2432 di-

337 2485 513 2531 serte
561 2471 866 2553 perhibet
912 2474 1260 2537 Suetonius
1295 2477 1392 2552 ⁰),
1482 2473 1823 2539 Claudium

337 2571 516 2634 aviae
580 2575 806 2638 Liviae
873 2575 1125 2638 divinos
1190 2575 1512 2653 honores,
1575 2589 1643 2637 et
1701 2575 1826 2637 cir-

337 2676 519 2737 censi
564 2698 801 2761 pompa
847 2697 1111 2741 currum
1159 2678 1660 2762 elephantorum
1695 2678 1826 2737 Au-

339 2779 598 2858 gustino
674 2778 959 2843 similem
1042 2779 1457 2843 decernenda
1539 2799 1825 2855 curasse,

337 2899 529 2960 quem
561 2880 772 2964 ipsum
801 2881 1113 2945 exhibent
1139 2883 1315 2943 numi
1335 2883 1620 2945 Neronis
1647 2906 1682 2944 a
1714 2903 1829 2944 no-

338 2979 437 3070 bis
466 2983 552 3045 ‘ad
587 3004 821 3044 annum
855 2985 934 3050 V.
962 2985 1029 3046 C.
1067 2986 1192 3048 808
1228 2983 1553 3068 producti.
1640 2984 1826 3064 Ergo

341 3081 691 3167 quadrigae
740 3085 1239 3167 elephantorum
1299 3086 1380 3148 ad
1424 3084 1586 3147 alios
1633 3087 1826 3145 etiam

270 3170 285 3181 ’
340 3206 489 3247 usus
533 3188 838 3264 valuere,
885 3200 1075 3271 atque
1113 3187 1308 3249 etiam
1352 3189 1433 3248 ad
1478 3205 1828 3266 processus

342 3291 719 3351 consulares
763 3309 894 3350 non
939 3290 1145 3349 invito
1192 3289 1334 3370 ipso
1379 3285 1673 3364 Norisio,
1720 3284 1835 3367 qui

342 3403 412 3450 ut
453 3389 732 3462 dictum,
804 3389 868 3446 in
934 3388 1250 3450 similibus
1310 3387 1624 3449 Maxentii
1681 3406 1831 3466 qua-

340 3489 546 3574 drigis
611 3508 991 3569 processum
1064 3487 1476 3550 consularem
1545 3486 1829 3568 agnovit,

341 3610 471 3672 quo
553 3589 751 3651 modo
830 3590 1288 3671 triumphatum
1369 3610 1629 3673 quoque
1707 3587 1833 3650 fuit

343 3693 469 3774 jam
532 3691 749 3773 equis,
810 3690 935 3770 jam
992 3692 1395 3775 elephantis,
1456 3692 1828 3772 etquidem

343 3815 426 3856 ex
475 3790 625 3874 lege
671 3791 997 3855 ordinaria
1042 3793 1265 3879 equis,
1313 3805 1588 3856 testante
1635 3793 1829 3880 etiam

344 3897 630 3978 Apuleio
660 3895 753 3978 f),
791 3897 1089 3977 proprias
1124 3917 1270 3959 esse
1301 3899 1831 3976 triumphantibus

346 4005 697 4082 quaclriqas
757 4002 976 4074 albas,
1057 4009 1120 4060 et
1179 4008 1395 4077 toyam
1449 4003 1853 4075 palmatam.

345 4102 648 4184 Denique
681 4115 933 4163 certum
967 4113 1118 4184 puta
1155 4098 1551 4180 triumphum
1573 4142 1590 4174 ,
1637 4120 1834 4182 quan-

348 4200 434 4264 do
489 4203 717 4264 similis
772 4222 1116 4285 processus
1171 4198 1441 4283 fingitur
1496 4201 1561 4261 in
1619 4198 1832 4263 numis

3283 469 3436 532 357·

1932 655 2215 719 constat,
2258 662 2474 725 neque
2505 639 2779 703 iterasse
2814 633 3243 700 consulatum.
3289 638 3427 699 Hu-

1931 743 2031 826 jus
2080 744 2456 827 exemplum
2505 739 2794 804 offerunt
2831 737 3015 799 numi
3052 738 3308 801 Tiberii
3348 738 3430 804 ad

1933 866 2167 909 annum
2219 846 2305 912 V.
2344 847 2416 910 C.
2463 845 2622 925 766,
2681 841 2959 925 aliique,
3017 853 3271 903 certum
3324 861 3439 906 au·

1931 961 2068 1013 tem
2131 966 2512 1029 processum
2581 943 3031 1016 consularem,
3112 958 3259 1004 cum
3312 941 3431 1004 illo

1936 1071 2135 1127 anno,
2180 1050 2362 1132 cujus
2399 1064 2500 1113 est
2531 1068 2798 1125 numus,
2844 1044 2927 1107 de
2963 1043 3127 1106 inito
3165 1042 3435 1129 quidem
3539 1040 3545 1046 ’

1936 1155 2280 1219 consulatu
2329 1164 2632 1227 constat,
2680 1172 2814 1214 non
2863 1165 3026 1212 vero
3079 1144 3163 1208 de
3209 1145 3436 1209 trium-

1936 1257 2069 1340 pho
2100 1254 2439 1340 quopiam.
2527 1257 2647 1316 Est
2690 1252 2864 1313 inter
2905 1267 3140 1312 numos
3177 1249 3271 1313 M.
3303 1251 3433 1311 Au-

1936 1358 2090 1422 relii
2132 1359 2344 1422 adhuc
2389 1352 2681 1419 Caesaris
2741 1374 2977 1415 numus
3035 1369 3187 1415 cum
3231 1349 3440 1415 simili

1937 1474 2094 1544 typo
2154 1460 2441 1543 signatus
2504 1456 2586 1523 V.
2636 1454 2708 1516 C.
2753 1454 2901 1535 898.
2987 1454 3092 1516 Eo
3149 1454 3203 1515 is
3259 1474 3430 1517 anno

1938 1565 2346 1628 consulatum
2383 1563 2462 1622 11.
2510 1556 2730 1631 inivit,
2790 1553 2976 1617 nullo
3026 1569 3164 1617 tum
3209 1556 3435 1617 trium-

1938 1667 2108 1749 pho,
2165 1686 2241 1727 ac
2283 1682 2367 1724 ne
2409 1659 2591 1723 bello
2643 1656 2926 1743 quidem.
3015 1655 3215 1719 Plura
3261 1659 3438 1720 simi-

1939 1768 2024 1829 lia
2089 1767 2392 1850 exempla
2453 1782 2649 1844 supra
2721 1757 3040 1822 dedimus.
3125 1757 3434 1842 Denique

1937 1889 2191 1931 ramum
2252 1866 2454 1941 lauri,
2485 1883 2707 1948 ,quem
2751 1859 2820 1922 in
2863 1860 2966 1922 his
3022 1856 3235 1922 numi's
3294 1880 3431 1920 non

1938 1990 2090 2033 raro
2136 1971 2567 2052 imperatores
2609 1983 2801 2025 manu
2843 1960 3260 2045 praeferunt,
3311 1962 3436 2023 etsi

1938 2077 1995 2137 is
2043 2071 2517 2155 triumphantes
2568 2066 2847 2128 maxime
2890 2063 3167 2143 deceat,
3212 2076 3434 2126 tamen

1940 2175 2135 2241 etiam
2212 2195 2361 2237 cum
2439 2189 2755 2253 processu
2833 2165 3166 2230 consulari
3238 2185 3435 2249 posse

1940 2275 2280 2361 componi,
2338 2273 2533 2337 facile
2579 2269 2915 2351 intelliges
2961 2266 3206 2344 eriis,
3267 2288 3432 2350 quae

1939 2384 2004 2442 in
2039 2390 2299 2441 moneta
2332 2373 2646 2437 Antonini
2676 2372 2754 2434 ad
2793 2390 3029 2456 annum
3066 2369 3149 2435 V.
3187 2371 3257 2432 C.
3288 2370 3436 2451 892,

1938 2498 2340 2561 numumque
2373 2479 2452 2541 S.
2491 2476 2566 2536 P.
2622 2472 2704 2562 Q.
2740 2475 2821 2534 R.
2868 2474 2952 2536 A'.
2986 2474 3066 2533 Ν.
3109 2470 3187 2532 F.
3228 2470 3304 2535 F.
3351 2469 3435 2533 dc

1941 2603 2127 2661 more
2169 2582 2428 2642 laureas
2477 2595 2757 2638 coronas
2799 2571 3117 2638 Kalendis
3152 2574 3285 2637 lan.
3330 2593 3436 2636 re·

1939 2684 2211 2771 parandi
2255 2678 2558 2746 ffisserui.

2068 2790 2204 2849 Per
2233 2784 2646 2852 consularem
2674 2779 2844 2841 hunc
2873 2797 3255 2861 processum
3286 2776 3438 2841 soli-

1943 2905 2042 2953 tos
2088 2882 2308 2953 fuisse
2334 2906 2464 2948 non
2506 2884 2703 2946 modo
2746 2880 3050 2944 consules
3085 2874 3436 2962 Augustos,

1945 2997 2375 3064 Caesaresve,
2446 2986 2558 3049 sed
2625 2996 2692 3048 et:
2750 2983 3438 3065 privatospecuniam
3509 3031 3524 3048 Α.

1943 3097 2008 3156 in
2041 3093 2354 3176 populum
2388 3107 2742 3173 spargere3
2789 3097 3041 3152 constat
3075 3102 3158 3145 ex
3191 3085 3437 3149 Novel-

1943 3195 2005 3256 la
2037 3190 2371 3255 Iustiniani
2401 3194 2497 3269 s):
2545 3192 2693 3250 Soli
2726 3209 2956 3250 aarum
2990 3207 3291 3267 sparqere
3327 3192 3440 3249 da-

1943 3317 2084 3359 mus
2133 3296 2432 3374 imperio,
2478 3294 2586 3352 cai
2628 3292 2753 3350 soli
2790 3293 2987 3350 etiam
3023 3309 3252 3348 aarum
3292 3308 3440 3349 con·

1945 3408 2221 3460 temnere
2247 3401 2546 3472 praestat
2569 3394 2876 3469 fortunae
2904 3391 3075 3467 fasti
3069 3390 3271 3466 qiam,
3316 3391 3441 3449 Ar-

1941 3507 2202 3577 yentum
2237 3514 2415 3567 vero,
2476 3494 2650 3574 quod
2676 3510 2828 3550 mox
2845 3499 3005 3567 post
3040 3509 3266 3549 aarum
3291 3509 3442 3565 pre·
3516 3515 3522 3519 ·
3611 3558 3617 3566 υ

1947 3600 2363 3660 tiosissimam
2383 3594 2524 3673 fiet,
2570 3600 2635 3651 et
2660 3592 2816 3650 aliis
2845 3590 3213 3652 consulibus
3242 3591 3440 3669 lar-yi-

1946 3721 2086 3762 mar
2103 3702 2342 3759 decens.
2380 3692 2465 3751 Et
2487 3689 2707 3774 paullo
2728 3689 2928 3751 infra:
2963 3691 3103 3752 Sed
3115 3694 3193 3752 de
3212 3712 3440 3773 arqen-

1948 3812 2012 3864 to
2045 3803 2299 3882 quidem
2332 3798 2685 3876 sparyeado
2720 3797 2817 3854 ita
2842 3815 2885 3854 a
2915 3795 3100 3854 nohis
3118 3796 3439 3854 sancitum

1946 3906 2050 3976 sit,
2070 3910 2134 3962 et
2146 3902 2206 3960 si
2222 3903 2477 3959 omnino
2498 3900 2590 3958 ad
2602 3899 2718 3956 hoc
2735 3898 3089 3967 accesserit,
3110 3897 3439 3956 licentiam

1946 4005 2181 4064 habeat
2206 4000 2633 4060 distribuendi
2662 3999 2916 4076 arqenti
2943 3997 3440 4075 munificentiam

1947 4107 2017 4165 in
2034 4094 2718 4178 suisprocessionibus',
2746 4101 2912 4159 sicut
2925 4100 3058 4176 ipse
3069 4107 3237 4158 recte
3249 4119 3317 4160 se
3328 4100 3439 4159 ha-

1948 4205 2436 4280 berepataverit‚
2459 4202 2594 4261 solo
2601 4202 2924 4278 prohibito
2939 4218 3166 4259 aarum
3181 4202 3438 4261 omnino

348 4305 521 4384 illius
556 4305 738 4380 anni,
786 4325 914 4391 quo
956 4324 1103 4368 eum
1130 4318 1369 4374 revera
1399 4303 1831 4387 triumphasse
1931 4306 2247 4384 jaculari,
2280 4306 2456 4384 quod
2471 4302 2843 4377 imperatori
2863 4309 3111 4400 tantam
3135 4301 3440 4361 tributum

417 4640 478 4710 a)
516 4634 580 4695 L.
618 4634 780 4698 VIII.
822 4642 874 4709 ξ.
911 4648 963 4697 2.
1166 4625 1243 4706 Β),
1274 4634 1337 4691 in
1379 4633 1737 4693 Alexandra.

349 4727 473 4788 dos,
514 4748 564 4788 c,
602 4740 691 4788 22.
911 4728 969 4796 e)
1008 4726 1070 4781 in
1110 4722 1322 4782 Claud.
1365 4744 1414 4782 c.
1458 4737 1549 4785 ιι.

545 4825 720 4901 (Vol.
772 4819 983 4895 VIII.)
1038 4865 1047 4870 -
1432 4817 1447 4828 “

1758 4721 1812 4795 s)
1852 4720 2104 4801 Apolog.
2144 4741 2207 4797 p.
2248 4738 2325 4776 m.
2364 4730 2488 4784 270.

1942 4637 1999 4701 c)
2042 4628 2372 4709 Capitolia.
2413 4627 2488 4683 iu·
2515 4624 2709 4685 Gon-d.
2913 4625 2978 4700 d)
3016 4629 3226 4706 Paneg.
3251 4629 3438 4690 Theo-

2692 4720 2757 4791 g)
2798 4717 2948 4775 cm.
2987 4720 3103 4778 Tit.
3142 4720 3244 4781 VI.
3286 4742 3340 4783 c.
3379 4735 3432 4785 2.

2890 4813 2952 4878 V
2994 4835 3037 4873 u
