4388 5576
1329 429 1480 503 DE
1561 426 1965 502 CVLTV
2040 421 2554 500 CA2P1T18.

395 615 464 679 in
508 630 594 679 eo
637 622 778 676 erat
822 610 1152 694 Caligula,
1218 621 1291 671 ut
1352 610 1526 674 istud
1585 612 1889 687 tentaret,

398 717 549 780 sed
594 712 887 779 cohibuit
964 713 1270 776 animum.
1356 713 1459 773 De
1532 707 1891 793 Elagabalo

395 816 812 901 Lampridius
845 818 969 896 ⁸)t·
1006 818 1230 878 Voluit
1275 817 1380 875 uti
1425 824 1490 874 et
1532 819 1894 875 diademate

390 930 709 1003 yemmato
729 963 747 993 ,
794 920 950 1001 quia
977 918 1309 1003 pulchrior
1325 918 1511 994 fieret
1526 959 1542 990 ‚
1586 899 1661 978 et·
1683 916 1894 994 maqz's

394 1025 490 1083 ad
510 1023 905 1100 feminarum
941 1021 1183 1078 vultum
1210 1026 1440 1093 aptus,
1486 1034 1609 1099 quo
1646 1027 1710 1077 et
1738 1032 1904 1077 usus·

398 1130 498 1184 est
526 1124 718 1184 domi.
802 1118 1137 1179 Hactenus
1173 1115 1520 1178 novus‘hic
1552 1116 1766 1178 cultus
1801 1116 1895 1175 in-

399 1236 500 1285 tra
544 1220 963 1305 cupiditatem
1002 1204 1314 1280 constitit.
1398 1217 1483 1277 At
1519 1216 1765 1278 diserte
1809 1214 1892 1276 de

401 1322 757 1386 Aureliano
816 1319 1050 1388 Victor
1112 1318 1401 1379 Schottiz
1462 1320 1595 1379 Iste
1646 1321 1895 1396 primus

399 1427 579 1503 opud
621 1427 942 1497 Romanos
988 1423 1290 1481 diadema
1331 1422 1534 1497 capiti
1575 1421 1891 1480 innexuit.

395 1528 647 1594 Verum
684 1512 865 1582 numi
910 1519 1079 1582 istud
1121 1539 1251 1580 non
1291 1515 1698 1595 confirmant.
1741 1506 1895 1577 Fuit

399 1639 615 1688 tamen
671 1623 1127 1686 Constantinus
1169 1624 1296 1696 M„
1372 1610 1566 1703 quem
1613 1619 1895 1702 primum

398 1747 587 1792 usum
659 1724 1027 1788 diademate
1087 1724 1323 1805 partim
1382 1741 1586 1805 puro,
1658 1721 1895 1802 partim

400 1826 677 1911 gemmis
721 1826 1028 1889 distincto
1067 1837 1386 1887 testantur
1421 1814 1639 1898 numi,
1687 1835 1754 1885 et
1792 1808 1899 1884 au·-

400 1943 652 2004 ctores,
717 1946 882 2013 quos
924 1928 991 1986 in
1035 1927 1227 2007 hujus
1271 1920 1533 1988 moneta
1592 1921 1895 2005 produxi.

404 2028 711 2092 'festibus
770 2030 1011 2089 iterum
1072 2028 1285 2090 numis
1347 2027 1659 2109 deinceps
1721 2043 1899 2107 gem·

401 2145 645 2193 matum
719 2130 846 2192 hoc
916 2128 1215 2190 diadema
1272 2131 1719 2210 Augustorum
1765 2138 1898 2187 tan-

398 2243 534 2293 tum
586 2230 796 2313 capita
842 2229 1207 2306 decoravit,
1250 2249 1466 2312 neque
1510 2229 1744 2291 desunt
1791 2246 1899 2291 co·
1939 2284 1954 2295 .

397 2350 711 2395 aevorum
742 2332 1135 2415 scriptorum
1168 2333 1432 2395 oracula
1455 2331 1629 2392 idem
1659 2330 1900 2391 docen-

396 2434 541 2508 tia‚-
569 2434 727 2510 etsi,
772 2447 845 2496 ut
900 2431 1006 2509 fit,
1052 2452 1184 2493 non
1246 2433 1457 2495 desint
1507 2432 1740 2507 etiam,
1784 2430 1898 2515 qui

400 2532 702 2597 traditam
755 2534 1117 2598 doctrinam
1163 2535 1602 2607 confundunt,
1648 2546 1715 2594 et
1750 2550 1898 2614 per-

394 2636 713 2711 miscent,
757 2637 1000 2720 quippe
1043 2637 1154 2720 qui
1192 2658 1324 2700 non
1369 2657 1524 2699 raro
1574 2634 1898 2695 diadema-

396 2737 481 2801 tis
523 2737 791 2802 nomine
831 2737 1269 2822 quodcunque
1310 2738 1483 2821 regii
1529 2734 1756 2819 capitis
1801 2734 1898 2795 in-

398 2839 583 2922 signe
624 2839 1118 2904 intellexerunt.
1208 2840 1378 2908 Vide
1414 2841 1480 2900 in
1522 2840 1644 2903 hac
1681 2837 1901 2922 dispu-

393 2943 642 3004 tatione
684 2944 1020 3025 copiosum
1066 2942 1533 3024 spanhemium
1564 2937 1656 3020 b).

529 3042 740 3127 Caput
800 3043 1126 3123 galeatum
1189 3042 1342 3105 inde
1403 3064 1441 3103 a
1498 3040 1721 3104 Probo
1763 3058 1898 3101 non

399 3141 825 3227 infrequens,
871 3142 1283 3225 frequentius
1326 3146 1394 3204 in
1439 3141 1652 3204 aureis
1689 3139 1927 3200 infimi«

400 3244 584 3320 aevi,
654 3244 1008 3326 praecipue
1075 3243 1221 3304 cum
1283 3243 1642 3323 imperator
1699 3257 1902 3324 pano-

397 3343 596 3426 pliam
673 3342 936 3406 indutus
1010 3343 1423 3426 proponitur.
1508 3345 1659 3405 Non
1743 3357 1929 3402 raro-

399 3446 589 3530 galea
638 3446 908 3529 insuper
956 3465 1199 3508 corona
1249 3446 1507 3522 laurea,
1551 3441 1665 3506 vel
1702 3441 1900 3504 radiis

405 3547 708 3611 ambitur.
1010 3543 1013 3548 ’

530 3651 739 3731 Caput
772 3648 1014 3742 nudum
1048 3648 1413 3732 primorum
1452 3650 1923 3731 Augustorum⁴

399 3765 614 3816 aetate
674 3755 916 3825 rarius,
980 3752 1394 3833 frequentius
1442 3749 1595 3812 inde
1643 3749 1723 3813 ab
1769 3751 1902 3812 Ha·

405 3850 674 3932 driano,
732 3854 1087 3916 inclinante
1135 3854 1416 3936 imperio
1466 3852 1576 3918 vix
1625 3851 1902 3935 amplius

403 3956 717 4021 occurrit.
776 3956 1017 4038 Aliquo
1054 3968 1354 4037 tempore
1388 3954 1720 4039 principes
1751 3973 1902 4016 con-

403 4072 697 4122 secratos
729 4058 821 4120 sie
856 4059 1056 4122 fuisse
1082 4056 1503 4140 propositos,
1548 4056 1804 4118 dicetur
1834 4051 1901 4115 in

358 4169 365 4174 ’
405 4159 620 4221 numis
670 4159 1258 4226 consecrationum.
1336 4157 1528 4221 Nudo
1569 4158 1783 4241 capite
1830 4176 1900 4219 se

408 4260 605 4322 etiam
636 4259 1005 4324 distinxisse
1034 4263 1381 4338 Caesares,
1414 4279 1610 4343 supra
1636 4259 1902 4325 dictum.

3347 435 3490 516 36³

2058 638 2061 643 ·
2133 592 2369 687 Caput·
2411 608 2851 689 Augustorum
2931 600 3080 689 ja'm'
3136 592 3502 692 barbatum,-

2007 703 2135 786 jam
2210 705 2534 789 imberba,
2616 694 2909 771 Alendae
2985 709 3228 775 barbae
3306 722 3500 780 caus'a

2008 808 2133 870 alia
2194 806 2319 871 fuit
2358 808 2692 891 juventus,
2739 829 2821 870 ex
2867 808 3312 875 Romanorum
3373 800 3498 881 usn

2008 910 2165 971 huic
2210 909 2537 973 radendae
2580 911 2867 973 nondum
2913 911 3181 989 idon‘ea,
3239 892 3362 979 alia
3406 912 3506 979 laa-

2007 1025 2168 1073 ctus.
2260 1013 2615 1096 Vtriusque
2651 1012 3020 1093 exemplum
3054 1015 3119 1075 in
3149 1020 3361 1082 numia
3393 1019 3506 1082 de·

2008 1112 2183 1174 disse
2217 1111 2639 1177 Octavianum
2659 1159 2676 1189 ‚
2707 1116 3071 1179 notavimus
3101 1117 3166 1178 in
3193 1120 3340 1201 *ejus
3370 1141 3509 1185 mo-

2006 1200 2157 1276 n'eta
2184 1213 2266 1275 ad
2297 1231 2528 1275 annum
2557 1219 2637 1281 V.
2668 1216 2738 1276 C.
2773 1236 2896 1297 7¹7
2917 1261 2933 1291 ,
2980 1238 3110 1300 quo
3142 1220 3296 1299 locp
3329 1243 3506 1285 com-

2007 1315 2197 1401 plura
2230 1317 2424 1377 etiam
2458 1312 2540 1374 dc
2573 1315 2695 1375 hoc
2729 1319 3173 1382 Romanorum
3207 1322 3502 1389 instituto

2008 1436 2141 1478 non
2180 1414 2520 1478 violandae
2558 1436 2760 1497 usque
2812 1416 2894 1478 ad
2941 1433 3187 1483 certam
3226 1439 3506 1488 aetatem

1996 1516 2249 1583 barbae
2317 1515 2760 1603 disseruimus.
2847 1518 3234 1583 Barbatulus
3311 1527 3509 1590 etiam

2009 1632 2287 1702 propter
2318 1615 2592 1679 eandem
2629 1638 2886 1682 causam
2921 1619 2985 1679 in
3020 1624 3250 1705 primis
3293 1630 3508 1691 numia

2012 1717 2443 1801 suisfingitur
2473 1719 2672 1781 Nero.
2759 1722 2918 1785 Post
2961 1724 3044 1799 id·
3086 1737 3343 1807 tempus
3392 1748 3511 1811 po·

2012 1822 2136 1883 sita
2191 1818 2427 1895 barba,
2525 1821 2743 1885 et'sic
2791 1823 3223 1906 imperatores
3278 1851 3508 1893 omnes

1951 1985 1967 1993 ,
2011 1923 2167 1986 inde
2221 1913 2302 1984 ab
2348 1924 2642 2003 Augusto
2700 1924 2920 1988 laeves
2969 1925 3256 1989 offerunt
3305 1950 3508 2013 genas

2014 2043 2222 2108 usque
2262 2022 2342 2087 ad
2388 2022 2825 2100 Hadrianum,
2871 2025 2981 2108 qui
3027 2028 3509 2113 primus‚-quia

2012 2122 2280 2209 publice
2304 2124 2784 2208 philosophiam
2822 2127 3158 2209 professus
3190 2144 3326 2207 est,
3367 2131 3512 2194 bar-

2013 2227 2161 2290 bam
2212 2226 2546 2310 promisit,
2608 2240 2678 2287 ut
2730 2228 3010 2303 diximus
3054 2230 3119 2289 in
3159 2230 3351 2314 hujus
3396 2255 3513 2301 nu,-

2013 2331 2169 2404 mis,
2216 2328 2397 2408 cujus
2434 2328 2812 2409 exemplum
2844 2333 3055 2393 secuti
3093 2351 3512 2398 successores

2013 2451 2276 2505 omnes,
2321 2427 2519 2490 modo
2562 2420 2685 2511 per
2726 2445 3008 2497 aetatem
3048 2432 3371 2510 licuisset,
3418 2436 3513 2501 vi-

2011 2532 2139 2594 rile
2183 2528 2358 2593 istud
2402 2529 2602 2592 decus
2651 2534 2972 2599 aluerunt.
3060 2534 3165 2596 Ad
3209 2550 3511 2601 veterem

2012 2633 2259 2696 cultum
2321 2651 2468 2694 cum
2518 2634 2741 2695 redire
2786 2635 3014 2713 mallet
3052 2638 3513 2721 Constantinus

2012 2739 2143 2814 M„
2190 2734 2459 2798 barbam
2499 2734 2775 2817 abjecit,
2821 2742 2899 2798 ut'
2922 2736 2987 2798 in
3024 2737 3215 2821 hujus
3252 2754 3515 2807 moneta

2013 2839 2456 2904 observatum.
2546 2835 2720 2930 Quid
2769 2852 2919 2925 post
2971 2839 3142 2904 hunc
3202 2843 3513 2926 placitum

2013 2943 2251 3019 fuerit,
2298 2940 2450 3005 vide
2492 2938 2560 2999 in
2602 2941 2913 3006 Tractatu
2955 2940 3039 3007 de
3089 2945 3300 3007 numis
3347 2944 3513 3009 infe·

2013 3044 2208 3105 rioris
2253 3042 2398 3106 aevi
2445 3043 2496 3116 §.
2541 3043 2626 3102 11.

2144 3143 2513 3225 Singularis
2550 3157 2732 3221 sunt,
2778 3137 2974 3227 caput
3007 3145 3220 3209 leonis
3257 3146 3512 3211 exuviis

2013 3253 2293 3316 tectum,
2337 3244 2403 3303 in
2446 3246 2658 3306 numis
2707 3244 3088 3320 Commodi,
3132 3247 3510 3310 Maximiani

2014 3343 2368 3417 Herculei,
2432 3328 2704 3427 ejusque
2763 3344 2884 3406 filii
2927 3347 3260 3409 Maxentii.
3309 3348 3511 3410 .Cau-

1948 3445 2115 3533 'psas
2156 3446 2222 3505 in
2269 3444 2677 3525 singulorum
2720 3458 2983 3508 moneta
3029 3446 3348 3511 dedimus.
3394 3449 3513 3511 Ca-

2013 3559 2131 3630 put
2203 3565 2351 3608 cum
2420 3543 2641 3628 spicea
2708 3565 3016 3625 corona,-
3053 3547 3120 3608 in
3181 3548 3511 3628 GallienO,

1988 3659 1993 3666 '
2014 3668 2214 3734 quem
2256 3646 2385 3710 adi.
2411 3689 2416 3694 -

2059 3747 2066 3755 ’
2139 3752 2246 3813 De
2292 3750 2505 3831 capite
2548 3748 2767 3812 velato
2821 3743 3220 3827 ἀποθεωσεως
3259 3748 3506 3818 indicio

2013 3851 2206 3928 vide,
2253 3871 2416 3936 quae
2461 3849 2765 3914 dicuntur
2812 3852 2877 3911 in
2916 3853 3129 3916 numis
3173 3873 3513 3920 consecra·

2014 3956 2288 4016 tionum.
2378 3952 2514 4014 Sed
2573 3951 2696 4014 ruit
2740 3966 2809 4016 et
2847 3953 3067 4016 velum
3116 3956 3370 4038 signum
3416 3978 3512 4040 sa-

1966 4049 1971 4050 ⁷
2016 4055 2348 4134 cerdotii,
2371 4055 2546 4118 unde
2583 4058 2632 4119 1.
2668 4054 2936 4131 Caesar,
2974 4070 3041 4117 et
3067 4055 3158 4118 M.
3189 4051 3510 4124 Antonius

2014 4156 2217 4223 velati
2258 4157 2325 4219 in
2367 4158 2581 4220 nnmis
2624 4170 3118 4240 proponuntur,
3161 4159 3315 4235 ille,
3361 4160 3513 4244 quia

2016 4260 2317 4344 pontifex
2351 4258 2700 4336 maximus,
2746 4256 2886 4336 hic„
2932 4260 3081 4343 quia
3121 4279 3348 4342 augur.

736 4407 741 4414 ο

406 4479 417 4491 0
485 4485 495 4495 Δ
598 4481 599 4488 1
1036 4485 1041 4488 .
1718 4481 1723 4488 ι
3175 4455 3180 4480 Ι
3485 4456 3496 4485 ⁵

2897 4523 2900 4528 ⁴
3435 4517 3441 4528 ο

478 4573 563 4648 a)
585 4569 731 4645 Cap.
771 4581 873 4638 23..
914 4583 922 4591 ·
1062 4571 1136 4648 b)
1166 4575 1339 4636 'romi
1375 4575 1452 4642 11.
1490 4595 1631 4668 pag.
1663 4584 1775 4646 38⁵
1811 4589 1969 4650 seq&

2880 4663 2934 4724 Z
2957 4684 3041 4726 -z-·
3069 4680 3142 4723 2·-
