4388 5576
928 481 1083 555 DE
1153 479 1880 558 TRIBVNITIA
1959 477 2695 593 POTEUSTATE.

265 660 503 725 mirum
540 658 718 746 quod
747 661 889 747 ipse
923 666 1081 728 alibi
1127 664 1373 731 adserit
1404 670 1462 752 ⁸)
1486 713 1504 748 ,
1542 687 1771 751 yet-ere

265 757 522 851 quidem
572 769 968 833 tribunatum
1020 774 1232 852 plebis
1287 776 1481 853 nefas
1526 776 1769 833 ducunt

174 941 181 944 ,
273 867 692 949 moratores
709 914 727 946 ,
770 892 912 935 cnm
934 878 1157 957 utique
1181 876 1594 955 ipstp'atrs‘ct's‘
1612 875 1767 948 stne,

273 990 524 1035 omnem
550 991 705 1036 vero
733 976 878 1035 trib.
910 986 1294 1055 potestatem
1311 1020 1329 1052 ,
1374 986 1622 1060 quanta
1652 994 1770 1038 nn·

273 1091 471 1155 quam
516 1078 809 1138 maxima
848 1078 1027 1157 suit,
1070 1080 1417 1155 accipiunt.
1501 1067 1606 1138 Ex
1641 1093 1774 1162 quo

273 1171 597 1238 docemur
653 1174 886 1250 etiam,
965 1176 1435 1261 imperatores,
1493 1177 1622 1242 etsi
1688 1199 1775 1243 ex

270 1272 691 1359 plebeiorum
743 1274 976 1340 ordine
1022 1290 1284 1357 essent,
1346 1280 1659 1344 continuo
1701 1279 1771 1341 in

275 1376 590 1458 patricios
639 1375 844 1440 fuisse
897 1377 1229 1457 adlectus,
1275 1380 1458 1461 cujus
1507 1401 1771 1468 quoque

271 1479 652 1562 exemplum
689 1479 756 1540 in
786 1478 939 1541 Did.
967 1480 1218 1546 Iuliano
1263 1481 1445 1548 dedit
1489 1485 1773 1568 Spartia-

271 1600 403 1641 nus
430 1577 524 1660 Ι3).
606 1577 870 1644 Deinde
915 1580 1176 1666 integra
1211 1603 1354 1671 rep.
1391 1606 1527 1650 non
1559 1587 1774 1669 potuit

273 1677 577 1743 tribunus
606 1679 696 1765 pl.
721 1702 868 1747 esse
903 1683 1095 1748 simul
1130 1689 1396 1763 consul,
1440 1701 1550 1752 aut
1568 1688 1769 1753 alium

273 1779 466 1845 obire
518 1783 1002 1866 magistratum,
1073 1789 1250 1874 quod
1326 1802 1544 1854 tamen
1619 1812 1770 1877 per·

272 1882 544 1948 missum
616 1886 744 1951 fuit
812 1888 1341 1972 imperatoribus.
1466 1893 1770 1974 Accedit,

271 1987 670 2066 tribunatum
745 2003 1045 2055 veterem
1119 2012 1202 2055 ex
1275 1993 1432 2080 lege
1484 1995 1771 2060 ¹ordina·

212 2109 231 2126 ·
274 2088 376 2149 ria
417 2108 551 2150 non
595 2089 798 2153 fuisse
824 2134 844 2167 ,
902 2091 1030 2155 nisi
1091 2113 1372 2156 annuum
1404 2096 1504 2179 c),
1593 2119 1772 2163 eum-

274 2210 405 2275 que
437 2189 671 2252 initum
700 2194 815 2262 IV.
870 2193 960 2258 id.
989 2195 1439 2277 Decembres,
1487 2220 1637 2262 eum
1682 2215 1772 2264 ta-

270 2310 427 2353 men
489 2288 962 2377 imperatorum
1023 2297 1177 2365 trib.
1234 2313 1526 2385 potestas
1567 2302 1773 2366 fuerit

269 2408 630 2479 perpetua,
702 2410 771 2459 et
836 2407 1228 2485 quocunque
1272 2402 1424 2465 anni
1466 2415 1772 2487 tempore

276 2497 569 2561 decreta.
652 2497 965 2585 Denique
1020 2502 1301 2566 tribunis
1359 2504 1450 2587 pl.
1518 2527 1651 2570 non
1698 2508 1775 2570 li-

270 2598 464 2663 cebat
495 2598 727 2680 abesse
760 2600 964 2678 urbe,
1002 2623 1219 2687 neque
1241 2618 1428 2669 extra
1452 2627 1597 2673 eam
1624 2627 1774 2696 per-

268 2713 574 2779 noctare,
604 2701 765 2791 ‚nisi
817 2703 1001 2766 feriis
1050 2707 1300 2771 Latinis
1349 2704 1451 2793 d),
1512 2729 1774 2776 eorum-

273 2825 404 2890 que
443 2818 786 2889 praeterea
821 2821 1110 2891 potestas
1146 2826 1331 2876 extra
1364 2812 1597 2877 urhem
1635 2825 1772 2877 ‘non

273 2906 516 2986 valuit,
598 2920 666 2971 at
722 2908 910 2973 licuit
968 2912 1477 3003 imperatoribus
1537 2916 1771 2981 abesse

273 3007 477 3087 urbe,
520 3030 741 3098 neque
772 3011 829 3074 si
864 3013 1165 3093 aberant,
1226 3019 1361 3081 vim
1402 3039 1581 3081 suam
1616 3022 1773 3081 ami-

274 3123 452 3183 serat
500 3112 649 3176 trib.
687 3126 1015 3198 potestas,
1062 3117 1246 3199 cujus
1280 3119 1659 3202 exemplum
1702 3120 1772 3181 iu

270 3209 516 3291 Rhodo
567 3210 841 3277 dederat
890 3210 1237 3294 asbestus,
1305 3240 1470 3281 eum·
1505 3206 1772 3284 citatum

275 3329 403 3393 pro
437 3309 742 3372 tribunali
780 3316 1169 3381 convitiator
1172 3337 1279 3380 em
1319 3322 1463 3406 rapi
1490 3320 1680 3405 jussit
1705 3321 1773 3382 in

277 3431 614 3476 carcerem
649 3414 731 3496 ).

280 3538 283 3543 -
405 3512 550 3575 Etsi
578 3533 738 3577 vero
763 3511 1198 3600 imperatores
1217 3515 1364 3603 trib.
1383 3529 1774 3602 potestatem

284 3630 748 3697 occupassent,
793 3636 924 3678 non
956 3632 1174 3683 tamen
1220 3620 1495 3685 inurbe
1529 3619 1776 3684 tribuni

177 3752 190 3764 ·
276 3716 372 3802 pl.
398 3737 483 3780 ex
510 3731 737 3782 vetere
772 3738 973 3783 more
995 3719 1211 3784 creari
1228 3722 1536 3789 desivero
1557 3769 1573 3802 ,
1619 3744 1778 3813 quo-

275 3839 425 3881 rum
488 3821 685 3884 etiam
743 3835 1000 3887 exstant
1060 3816 1363 3913 'exempla
1423 3848 1554 3890 non
1621 3846 1774 3890 raro

283 3921 631 3987 tribunicia
691 3924 999 3990 libertate
1059 3929 1639 3994 senatusconsultis
1681 3928 1777 3990 iu·-

276 4026 778 4108 tercedentium,
812 4030 1128 4104 utyidere
1151 4045 1250 4095 est
1282 4032 1451 4116 apud
1467 4031 1774 4112 Pighium

247 4140 433 4190 sssuos
463 4129 736 4213 singulis
784 4134 968 4198 annis
1002 4135 1336 4213 tribunos,
1368 4136 1435 4197 ‘si
1474 4156 1636 4223 quos
1679 4133 1774 4195 hi-

284 4231 482 4291 storia
514 4242 741 4296 testata
760 4248 880 4311 est,
922 4237 1343 4302 tribuentem.
1389 4242 1474 4303 At
1494 4256 1773 4322 pronum

353 4460 412 4532 a)
451 4460 517 4519 L.
555 4460 702 4545 Lm.
735 4468 785 4537 ς.
824 4477 910 4529 ιε».

280 4548 471 4609 nanc.
505 4552 644 4610 Am.
682 4553 750 4611 L.
785 4553 947 4613 vm.

277 4643 327 4717 ς.
371 4652 427 4704 2.

1067 4467 1134 4543 b)
1177 4470 1325 4545 Cap.
1355 4480 1408 4533 3.

572 4640 644 4706 h)
685 4646 839 4721 Cap·
877 4660 935 4707 t.
1414 4691 1457 4715 ffl.

471 4735 648 4818 (Vol.
697 4739 915 4821 VIII.)

1572 4473 1627 4541 c)
1666 4428 1929 4548 Appian.
1964 4466 2113 4528 Bell.
2166 4466 2277 4525 civ.
2319 4464 2385 4521 L.
2415 4464 2458 4521 1.
2500 4484 2550 4521 c.
2589 4472 2662 4526 14
2697 4475 2757 4522 et
2791 4475 2879 4524 21.

1121 4560 1378 4633 ejsuet.
1417 4560 1481 4620 in
1509 4559 1646 4621 Tib.
1687 4577 1739 4619 c.
1780 4572 1870 4623 ιι.

3168 490 3427 575 '393.

1879 679 1981 733 est
2006 666 2401 749 conjicere,
2468 673 2545 726 ut
2587 659 2999 750 reliquorum
3042 662 3391 746 magistra-'

1878 783 2064 835 tuum
2085 812 2105 849 ‚
2147 770 2246 833 sic
2264 780 2333 831 et
2348 765 2762 831 tribanorum
2788 764 3126 850 paullatim
3160 763 3384 829 exole-

1879 872 2055 941 visse
2109 870 2606 943 auctoritatem,
2664 888 2742 933 ae
2792 867 3078 954 denique
3103 879 3383 950 ‚praeter

1881 992 2126 1038 nomen
2174 972 2481 1036 relictum
2515 971 2703 1035 nihil.
2769 969 3119 1034 Existimat
3153 967 3387 1031 Panvta

1886 1077 2057 1153 nius,
2104 1074 2376 1140 durasse
2402 1074 2703 1139 tribunos
2720 1092 2927 1159 usque
2961 1071 3044 1135 ad
3070 1071 3386 1133 Consum

1887 1178 2092 1242 tinum
2113 1184 2239 1256 M„
2283 1197 2482 1265 aquo
2514 1188 2768 1242 certum
2795 1188 2915 1252 est,
2964 1192 3111 1238 cum
3142 1192 3383 1235 novam

1888 1282 2318 1347 constitueret
2342 1280 2513 1363 reip.
2552 1278 2870 1357 formam,
2913 1275 3120 1340 multa
3153 1288 3385 1340 vetera

1885 1385 2174 1447 instituta
2204 1382 2408 1445 fuisse
2435 1371 2781 1465 antiquata.

2014 1483 2340 1550 Conferre
2384 1480 2857 1568 imperantibus
2901 1475 3053 1543 trib.
3099 1491 3385 1563 potesta-

1885 1597 2058 1662 tem,
2106 1586 2188 1649 ad
2232 1601 2526 1650 senatum
2568 1581 2921 1670 pertinuit,
2979 1603 3013 1643 a
3060 1602 3191 1666 quo
3240 1592 3384 1643 e'am

1883 1700 1953 1751 et
2010 1687 2180 1760 Iuiio
2236 1688 2535 1765 Caesari,
2610 1700 2679 1749 et
2743 1689 3039 1768 Augusto
3103 1682 3385 1746 delatam

1883 1771 2206 1855 novimus.
2296 1790 2432 1853 Sed
2479 1801 2548 1852 et
2592 1785 2909 1869 deinceps
2948 1786 3205 1848 firmato
3252 1783 3382 1865 jam

1883 1894 2256 1978 principatu
2306 1891 2645 1956 arbitrium
2696 1886 2872 1951 istud
2917 1889 3170 1950 senatui
3230 1906 3385 1968 per-

1862 1996 2192 2073 .missum,
2235 2013 2366 2058 non
2413 1993 2591 2079 quod
2637 1988 3041 2076 principibus
3078 1990 3390 2052 deessent
3465 1987 3478 1990 ’

1886 2099 2101 2174 vires,
2155 2115 2324 2182 quae
2359 2096 2646 2172 vellent,
2710 2092 3108 2176 occupandi,
3154 2093 3386 2156 verum

1888 2220 2020 2294 quo
2076 2200 2369 2263 honores
2415 2216 2546 2261 nou
2592 2196 2661 2263 vi
2697 2194 3053 2259 extorsisse
3089 2192 3391 2257 videren-

1888 2317 2017 2366 tur.
2107 2303 2219 2365 Sic
2261 2314 2434 2366 teste
2477 2299 2706 2362 Tacito
2735 2299 2844 2364 vel
2889 2297 3032 2380 ipse
3077 2294 3388 2358 Tiberius

1884 2403 2078 2489 petiit
2107 2426 2143 2466 a
2175 2415 2437 2482 senatu,
2483 2415 2553 2465 ut
2587 2404 2808 2465 Druso
2837 2398 2977 2463 filio
3010 2397 3180 2465 trib.-
3166 2410 3389 2482 ·-pote

1888 2520 2121 2571 statem
2157 2506 2497 2570 conferret
2547 2501 2624 2586 f).
2715 2502 2862 2594 Qua
2897 2500 2980 2564 de
3016 2520 3209 2563 causa
3233 2501 3388 2584 Ela-

1889 2607 2191 2692 gabalum
2228 2607 2636 2691 perstringit-
2648 2605 2815 2685 Dio,
2876 2601 3053 2690 quod
3088 2622 3225 2665 nou
3276 2622 3389 2666 ex-

1887 2722 2182 2797 spectato
2219 2708 2782 2772 senatusconsulto
2811 2718 3077 2790 praeter
3095 2704 3389 2767 honores

1888 2813 2051 2877 alios
2091 2810 2498 2896 principibus
2549 2808 2801 2873 deferri
2844 2807 3074 2872 solitos
3126 2808 3198 2870 in
3231 2804 3387 2870 trib.

1882 2905 2227 3000 potestatis
2295 2934 2539 2978 nomen
2607 2912 2921 2975 involavit
2965 2915 3052 2994 8).
3137 2912 3227 2975 At
3299 2908 3387 2971 do

1887 3018 2029 3099 ejus
2052 3005 2438 3087 successore
2453 3013 2830 3078 Alexandro
2848 3012 3266 3096 Lampridius
3297 3009 3388 3092 b),

1887 3137 2038 3182 eum
2082 3137 2218 3181 uno
2271 3116 2640 3199 eodemque
2687 3114 2881 3178 diea
2912 3128 3139 3178 senatu
3169 3115 3393 3193 Augu·

1888 3231 2096 3295 stum,
2158 3218 2324 3283 trib.
2355 3218 2753 3300 potestatis,
2826 3231 3084 3297 patrem
3135 3210 3388 3298 patriae

1888 3317 2092 3383 fuisse
2131 3320 2550 3418 appellatum.
2635 3321 2873 3399 Neque
2914 3335 3081 3381 vero
3128 3332 3390 3377 causam

1888 3421 2193 3507 reperio,
2257 3441 2377 3483 cur
2418 3439 2586 3485 unus
2621 3417 3061 3494 Pescennius,
3107 3415 3232 3478 etsi
3260 3414 3393 3475 Au-

1893 3530 2150 3606 gustum
2202 3537 2277 3580 se
2329 3517 2545 3600 palam
2591 3515 2931 3599 professus
2971 3529 3110 3593 est,
3168 3527 3389 3577 tamen

1889 3619 2042 3683 trib.
2131 3619 2476 3705 potestatis
2562 3618 2894 3713 mentione
2980 3616 3389 3694 abstinuerit,

1861 3741 2082 3809 -quam
2119 3719 2295 3806 quod
2339 3742 2416 3784 ea
2449 3719 2553 3790 illi
2579 3745 2615 3784 a
2649 3735 2914 3800 senatu,
2956 3720 3067 3806 qui
3101 3720 3388 3804 primum
3493 3782 3496 3785 .

1889 3826 1958 3885 in
1990 3823 2174 3886 Didii
2205 3822 2474 3900 Iuliani,
2518 3822 2760 3888 deinde
2792 3825 3027 3913 Severi
3058 3834 3386 3906 potestate

1888 3927 2044 4007 fuit,
2090 3926 2366 3991 decerni
2409 3944 2541 3988 nou
2567 3925 2816 4010 potuit,
2860 3926 3005 4011 ipse
3041 3946 3216 3991 vero
3241 3945 3388 4010 spe·

1889 4032 1996 4095 cie
2026 4029 2528 4105 moderationis,
2572 4030 2699 4093 nisi
2726 4028 3040 4106 oblatam,
3085 4027 3386 4111 arripere
3445 4045 3498 4065 ’Ν

1888 4153 2026 4197 nou
2054 4133 2284 4198 voluit.
2350 4132 2520 4195 Sane
2551 4132 2616 4193 in
2653 4131 2836 4195 nullo
2868 4133 3007 4213 ejus
3042 4150 3242 4192 numo
3269 4128 3387 4192 hu·

1889 4255 2135 4321 cusque
2184 4232 2453 4319 prodito
2494 4254 2638 4296 eam
2680 4232 3057 4316 inscriptam
3102 4244 3386 4315 potesta-

3013 4442 3093 4535 ί(1)
3134 4461 3384 4538 Di0nys.

2000 4632 2010 4639 ι
2042 4557 2097 4634 ί)
2134 4558 2289 4615 Ann.
2324 4556 2428 4614 111.
2468 4574 2599 4630 cap.
2639 4560 2730 4620 56-

2762 4704 2985 4797 nait

2908 4555 2968 4630 g)
3007 4553 3074 4611 L.
3112 4551 3384 4627 Lxxtx.
3471 4608 3483 4623 ,
