4388 5576
714 647 721 655 Α
826 554 981 629 DE
1052 491 1592 627 1o'sEP110
1643 551 2163 628 HILARIO
2215 551 2709 627 sennan
3214 572 3307 619 vu

236 721 900 821 eiliavitamicitiam
942 723 1525 797 doctissimorum
1568 736 2032 823 quorumque
2076 722 2429 814 virorum,
2471 723 2807 824 inprimis
2846 692 3310 799 celeberrimi

232 859 534 946 Lanzi,
589 857 961 951 Marini,
1012 875 1088 930 et
1131 857 1515 939 Oderici,

150 974 155 978 i
410 992 831 1066 Florentiae
866 997 1371 1079 commorans,
1418 982 1589 1063 Eum
1624 990 2090 1069 Edmundo
2137 990 2478 1065 Cocchi
2501 1043 2525 1081 ,
2574 1010 2752 1066 tunc
2789 994 3140 1095 temporis
3157 992 3336 1070 Cu·-

228 1126 428 1202 stode
453 1127 693 1199 Musei
715 1127 1047 1212 numarii,
1084 1126 1160 1198 in
1184 1125 1731 1224 frequentiores
1776 1126 2351 1231 disceptationes
2389 1126 2787 1223 ingressus,
2827 1129 3307 1204 ,occasionem
3378 1167 3391 1183 ·

225 1278 474 1335 nactus
515 1277 665 1347 est,
716 1260 1075 1357 genuinas
1115 1260 1318 1332 ideas
1364 1261 1459 1332 de
1503 1260 1706 1331 omni
1751 1285 1833 1332 re
1878 1260 2206 1331 n'umaria
2252 1258 2705 1357 explicandi,
2772 1276 2995 1358 atque
3038 1289 3310 1335 novum

226 1411 536 1492 systema
564 1418 775 1466 suum
802 1370 1782 1466 numorum'ordinandorum
1820 1392 2225 1494 aperiendi.
2282 1393 2514 1491 Cujus
2548 1392 2662 1464 rei
2696 1418 3045 1466 summam
3069 1396 3308 1493 gravi-

227 1542 437 1603 tatem
460 1526 679 1601 facile
702 1526 1070 1627 perspexit
1095 1524 1199 1598 vir
1233 1527 1584 1625 prudenS,
1627 1526 1752 1624 qui
1770 1578 1793 1613 ,
1838 1546 1922 1599 ut
1944 1526 2190 1598 animo
2214 1525 2541 1623 ingenuo
2579 1526 2979 1625 sagacique
3004 1528 3299 1627 praedi-

223 1677 331 1736 tus
378 1680 452 1735 et
471 1661 970 1761 augendarum
1002 1662 1468 1735 scientiarum
1496 1659 2010 1758 cupidissimus
2036 1677 2212 1748 erat,
2255 1660 2505 1732 nullus
2545 1659 2921 1749 dubitavit,
2966 1663 3141 1761 quin
3175 1662 3313 1736 ho·
3377 1754 3382 1761 ἡ

225 1796 482 1868 minem
527 1796 825 1870 doctum
873 1814 949 1869 ct
991 1797 1453 1894 ingeniosum
1492 1780 1764 1891 Magno
1797 1795 1989 1868 Duci
2026 1786 2413 1893 Leopoldo
2456 1795 3022 1869 commendaret
3053 1812 3309 1896 utpote

226 1929 562 2028 dignum,
614 1930 737 2005 cui
782 1954 957 2003 cura
1000 1932 1243 2004 Musei
1296 1955 1682 2003 numerum
1724 1927 2137 2002 Florentini
2197 1928 2601 2002 secundum
2661 1955 2931 2002 novum
2992 1948 3314 2029 systema

223 2063 608 2136 ordinandi
657 2063 1255 2137 committeretur.
1324 2067 1489 2166 Quo
1536 2076 1838 2136 munere
1889 2062 2300 2138 honorifico
2359 2080 2611 2135 noster
2660 2081 2744 2136 ut
2797 2088 3081 2138 summo
3146 2089 3312 2138 suc·

224 2222 468 2285 cessu,
521 2198 623 2270 ita
667 2198 1098 2270 brevissimo
1138 2197 1487 2296 temporis
1537 2198 1778 2296 spatio
1817 2197 2250 2295 perfunctus
2287 2212 2420 2268 est.

416 2332 660 2431 Quare
704 2331 1068 2429 Leopoldi
1118 2330 1370 2427 Magni
1417 2330 1651 2404 Ducis
1694 2329 2048 2427 singulari
2086 2329 2315 2426 gratia
2350 2329 2899 2402 commendatus
2939 2332 3315 2431 Augustae

218 2465 669 2562 Imperatrici
715 2466 987 2538 Mariae
1027 2465 1463 2553 Theresiae,
1516 2464 1878 2538 Viennam
1916 2488 2291 2551 reversus,
2341 2479 2512 2562 post
2551 2463 3314 2549 abolitionemfflsocie-

218 2598 385 2672 tatis
431 2598 904 2689 Iesuitarum,
988 2599 1133 2671 An.
1165 2613 1356 2682 ΠΜ
1421 2598 1805 2677 thesauro,
1844 2597 2209 2669 Caesareo
2263 2622 2650 2668 numerum
2711 2622 3312 2698 gemmarumque

214 2750 542 2809 veterum
604 2749 679 2806 et
738 2730 849 2805 rei
890 2730 1350 2831 antiquariae
1393 2730 1472 2803 in
1507 2729 1997 2806 Universitate
2043 2728 2615 2807 vindobonensi
2664 2729 3046 2807 docendae
3090 2754 3305 2834 prae-

212 2867 460 2944 fectus
504 2883 669 2941 es&

304 3085 309 3094 ,
412 3001 599 3073 Cum
664 3001 811 3099 jam
872 3018 1052 3077 tunc
1106 2998 1199 3073 de
1275 3000 1570 3075 edendo
1618 3027 1849 3102 opere
1911 2999 2215 3100 egregio
2260 2999 2658 3099 cogitaret,
2739 3001 2943 3098 quod
3018 3002 3317 3077 tandem

213 3137 362 3208 An.
402 3151 588 3214 1775
629 3133 706 3202 in
744 3131 982 3206 lucem
1008 3132 1301 3231 prodiit,
1354 3134 1753 3222 eiDenis,
1804 3134 2330 3207 celeberrimus
2370 3133 3009 3233 praeclariRhellii
3049 3135 3128 3206 in
3162 3162 3320 3208 mu·

210 3292 399 3339 nere
445 3265 1000 3356 Bibliothecarii
1052 3265 1400 3339 Caesarei
1442 3265 1689 3338 Aulici
1732 3291 2156 3354 successor,
2209 3266 2771 3340 commentarios
2817 3266 2909 3339 d‘e
2950 3291 3031 3338 re
3072 3293 3322 3342 numa·-

209 3401 327 3474 ria
360 3425 403 3473 a
426 3398 718 3471 Rhellio
755 3399 1055 3472 relictos
1097 3398 1397 3471 tradidit
1434 3399 1633 3471 hunc
1665 3399 1740 3471 in
1784 3399 2030 3488 finem,
2085 3417 2167 3472 ut
2199 3400 2278 3471 in
2309 3396 2816 3472 elucubrando
2860 3425 3088 3498 opere
3124 3403 3323 3476 notis

211 3551 297 3610 et
327 3531 1083 3608 animadversionibus
1125 3531 1451 3631 magistri
1485 3532 1887 3607 doctissimi
1913 3533 2401 3631 adjuvaretur.
2474 3532 2761 3632 Quibus
2794 3535 3080 3607 auxiliis
3119 3561 3321 3626 usus,

203 3666 504 3741 Eckhel
537 3667 616 3738 in
644 3692 873 3765 opere
919 3692 1054 3741 suo
1093 3694 1355 3741 numos
1396 3684 1681 3741 veteres
1710 3667 2116 3742 secundum
2156 3691 2430 3738 novum
2471 3692 2684 3738 suum
2716 3686 3039 3768 systema
3082 3670 3162 3742 in
3203 3697 3325 3743 or·

206 3801 469 3876 dinem
519 3800 914 3897 disposuit,
968 3827 1056 3875 ac
1095 3803 1280 3904 juris
1320 3802 1602 3903 publici
1645 3801 1828 3877 fecit
1887 3800 1982 3902 a),
2055 3798 2279 3902 Quod
2324 3817 2645 3902 systema
2686 3803 2838 3902 jam
2889 3804 3144 3903 paullo
3205 3805 3324 3878 fu·

200 3935 376 4010 sius
420 3934 909 4034 explicemus,
963 3954 1287 4037 oportet.
2573 4033 2578 4038 1

435 4071 638 4142 Inter
661 4087 1024 4144 amatores
1065 4073 1175 4146 rei
1222 4069 1596 4148 numatiae
1639 4083 1848 4158 sunt,
1903 4064 2031 4168 qui
2073 4091 2226 4142 non
2288 4065 2431 4143 nisi
2474 4090 2698 4174 unum
2752 4065 3152 4147 alterumve
3199 4101 3328 4172 ge-

193 4227 367 4277 nus
448 4230 836 4278 numm-um
880 4206 1232 4304 comgere
1270 4208 1591 4282 student.
1662 4208 1990 4307 Quorum
2038 4205 2115 4276 in
2152 4204 2484 4290 ordinem
2522 4176 2921 4305 dispositis
2954 4206 3140 4279 nihfl
3184 4209 3328 4281 dif-

192 4336 577 4414 ficultatis
618 4337 864 4414 habet.
918 4342 1146 4413 Aliud
1191 4341 1484 4416 obtinet
1529 4341 1608 4411 in
1645 4339 2071 4412 ordinandis
2114 4337 2720 4426 collectionibus,
2768 4359 3036 4412 numos
3088 4343 3327 4415 omnis

190 4453 521 4576 generis
560 4475 841 4548 veteris
880 4475 1042 4548 aevi
1082 4475 1770 4574 complectentibus.
1820 4477 1927 4546 Ex
1968 4498 2107 4545 usu
2152 4470 2449 4569 quidem
2492 4474 2862 4545 communi
2906 4474 3085 4547 olim
3122 4478 3327 4548 numi

292 4739 361 4810 a)
404 4736 579 4795 Numi
621 4747 847 4794 veteres
875 4732 1148 4814 anecdoti
1179 4756 1248 4793 ex
1274 4738 1490 4796 Museis
1512 4739 1803 4796 Caesareo
1834 4735 2309 4805 Vindobonensi,
2338 4734 2680 4794 Florentino
2709 4737 2907 4812 Magni
2943 4739 3125 4798 Ducis
3152 4729 3323 4797 Etru-

404 4832 559 4899 riae,
602 4832 980 4890 Granelliano
1012 4851 1170 4890 nunc
1192 4811 1508 4906 caesareo,
1545 4828 1873 4904 Vitzaiano‚
1909 4828 2357 4901 Fes'teticsiano,
2407 4823 2785 4907 savorgnano
2800 4819 3029 4894 Veneto
3067 4828 3315 4908 aliisquo

395 4927 663 4990 Viennae
692 4926 963 4988 Austriao
986 4940 1125 4994 1775
1166 4928 1227 4987 in
1260 4938 1367 4996 42⁶.
