4388 5576
1180 447 1331 519 DE
1403 445 1771 522 Nles
1837 408 2058 526 INFL

146 679 155 690 „
216 707 222 714 υ
285 631 419 721 plus
497 630 740 694 habent
814 612 1351 714 probabilitatiss
1403 631 1760 711 speciosius

289 735 446 798 dicta
523 734 688 805 sint,
765 750 955 812 quam
1029 732 1264 793 verius.
1355 731 1762 823 Quanquam,

288 852 698 920 quaecunque
740 832 821 892 sit
857 846 1157 895 manente
1203 834 1431 895 eadem
1477 848 1627 895 nota
1672 832 1767 892 di-

290 938 548 1001 versitas
593 933 937 1017 ponderis,
983 934 1156 996 salva
1202 950 1414 998 tamen
1463 955 1606 998 esse
1650 954 1763 1018 po·

287 1052 403 1101 test
447 1036 695 1098 lohet-ti
756 1035 1084 1109 doctrina,
1151 1036 1206 1098 si
1267 1033 1767 1119 perpendamus,

286 1139 398 1200 hac
444 1150 655 1200 aetate
699 1148 771 1198 ut
810 1138 1095 1199 omnium
1132 1157 1394 1213 rerum,
1441 1137 1533 1198 sic
1570 1149 1635 1198 et
1671 1137 1771 1197 rei

288 1239 680 1303 monetariae
742 1253 1055 1300 summam
1117 1236 1318 1298 fuisse
1380 1239 1773 1319 perversita-

184 1317 191 1326 Ι
290 1354 439 1406 tem.
489 1343 796 1403 Ceterum
830 1341 881 1399 si
911 1360 947 1400 a
977 1336 1392 1400 removendis
1428 1338 1527 1398 his
1561 1338 1772 1400 dubiis

212 1463 220 1472 ·
289 1445 551 1502 manum
605 1442 904 1515 retraho,
969 1451 1145 1499 tanto
1205 1439 1459 1501 facilius
1516 1440 1791 1502 veniam*

290 1539 630 1615 merebor,
714 1554 954 1624 quanto
1015 1539 1258 1602 certius
1319 1555 1605 1614 constat,
1686 1561 1769 1602 ne

289 1643 459 1725 ipsos
494 1642 758 1725 quidem
796 1641 980 1715 illos,
1025 1641 1135 1724 qui
1172 1641 1386 1730 dedita
1423 1662 1623 1723 opera
1659 1640 1773 1701 hu·

287 1744 384 1824 jus
411 1757 655 1805 tantum
682 1743 908 1805 aetatis
941 1758 1265 1805 monetam
1293 1742 1414 1804 sibi
1444 1744 1774 1826 explican-

289 1841 429 1907 dam
463 1865 839 1927 sumpsere,
883 1831 1292 1926 Ducangium
1327 1845 1659 1926 intelligo,
1705 1859 1773 1908 et

289 1944 726 2021 Bandurium,
774 1948 949 2009 viros
994 1947 1407 2036 perspicaces
1453 1969 1640 2022 sane,
1695 1969 1772 2011 ac

290 2046 616 2122 eruditos,
677 2048 1025 2133 implexam
1085 2049 1279 2122 hanc,
1343 2062 1534 2132 atque
1593 2051 1777 2111 iutri-

289 2160 489 2211 catam
554 2146 888 2211 doctrinae
949 2163 1200 2231 partem
1261 2150 1547 2212 voluisse
1592 2151 1777 2211 attin-

292 2269 485 2333 gere,
532 2251 805 2332 eamque
842 2231 1036 2312 etiam
1073 2251 1301 2334 procul
1338 2251 1635 2313 habuerit
1671 2255 1777 2315 Bi·

288 2350 547 2412 mardus
607 2349 690 2411 de
749 2348 809 2411 la
856 2352 1107 2423 Bastie,
1174 2353 1296 2414 etsi
1355 2357 1773 2420 severushic

288 2470 526 2515 censor
581 2452 648 2511 in
712 2452 1008 2514 omnibus
1053 2452 1197 2513 fere
1241 2454 1380 2515 aliis
1426 2458 1634 2517 causis
1679 2459 1776 2519 Io·

284 2552 458 2613 berti
521 2550 754 2613 dictata
818 2566 926 2614 aut
982 2555 1390 2631 correxerit,
1436 2569 1544 2617 aut
1587 2558 1774 2622 novis

284 2652 642 2738 solidisque
688 2655 1089 2738 argumentis
1132 2655 1641 2723 confirmaverit

1017 2754 1056 2793 ’Β

855 2805 894 2841 ff
1179 2803 1219 2840 k

407 2857 684 2918 Praeter
719 2855 1210 2943 inscriptionem
1248 2859 1446 2943 partis
1481 2880 1774 2938 aversae,

280 2959 676 3041 literaeque,
751 2980 915 3041 quae
977 2961 1178 3022 imum
1237 2964 1417 3022 numi
1476 2983 1776 3045 segmen·

279 3072 420 3120 tum
483 3073 835 3138 occupant,
903 3082 1136 3145 saepe,
1200 3061 1551 3145 praecipue
1616 3064 1770 3125 inde

279 3158 362 3221 ab
409 3155 801 3231 Aureliano,
867 3175 1217 3227 occurrunt
1274 3163 1342 3221 in
1399 3181 1551 3222 area
1593 3164 1771 3222 numi

234 3280 242 3287 ·
277 3259 474 3321 litera
515 3279 677 3325 una.
725 3259 927 3334 duae,
973 3263 1182 3322 rarius
1220 3256 1352 3321 tres
1389 3277 1769 3345 quatuorve,

279 3379 534 3443 eaeque
597 3358 711 3446 vel
749 3358 1057 3436 Latinae,
1119 3363 1225 3425 vel
1271 3364 1601 3440 Graecae,
1664 3365 1770 3426 vel

272 3474 597 3545 utraeque
641 3459 1023 3541 permixtae.
1111 3464 1249 3525 Eas-
1277 3464 1575 3526 lobertus
1622 3487 1766 3551 esse

273 3563 635 3646 ἁρχαικσας
680 3560 1140 3625 vocabulorum
1172 3564 1527 3642 existimat,
1572 3568 1665 3629 sic
1697 3580 1767 3629 ut

270 3665 333 3723 B
370 3666 428 3723 Τ
462 3659 784 3746 significet
821 3666 1025 3727 Beata
1063 3668 1571 3750 Tranquillitas,
1617 3670 1671 3730 F
1708 3672 1766 3730 Τ
1806 3740 1815 3745 ό

166 3800 175 3807 ·
268 3763 592 3828 Felicitas
634 3765 1012 3844 Temporum
1031 3811 1048 3841 ,
1097 3769 1144 3828 C
1191 3770 1264 3830 R„
1297 3771 1582 3831 Claritas
1616 3773 1765 3831 Rea·-

254 3869 601 3949 publicae,
660 3880 784 3929 etc.
825 3879 1018 3949 atque
1055 3867 1220 3931 hanc
1264 3868 1764 3951 explicationem
1843 3886 1851 3891 ·

265 3965 722 4053 certissimam⁴
763 3970 1088 4031 existimat
1155 3984 1535 4053 propterea,
1614 3972 1764 4056 quia

265 4068 512 4133 similia
553 4068 867 4135 vocabula
910 4091 1104 4155 saepe
1155 4074 1352 4155 plene
1397 4074 1760 4157 perscripta

262 4167 338 4228 iu
387 4171 596 4231 numis
629 4174 1081 4254 reperiuntur,
1126 4175 1263 4258 ipsa
1291 4195 1449 4238 vero
1486 4188 1760 4259 propter

264 4268 466 4352 spatii
503 4273 825 4361 angustias
873 4288 1002 4337 tota
1047 4278 1311 4340 inscribi
1357 4298 1484 4341 uon
1529 4293 1758 4360 potue-

258 4388 348 4433 re
385 4370 608 4452 ⁸)..At
655 4391 819 4435 vero
867 4375 1181 4457 judicium
1229 4378 1435 4454 istud,
1478 4391 1619 4440 utut
1663 4379 1759 4439 iu-

256 4470 619 4555 geniosum
677 4471 891 4537 videri
951 4491 1203 4559 potest,
1268 4480 1476 4561 palam
1538 4494 1755 4544 tamen

2128 453 2184 518 A
2213 448 2275 516 E
2299 440 2440 516 VI.
3209 465 3353 543 509

1874 629 2063 693 fallit.
2150 632 2419 695 Certum
2464 641 2564 688 est
2606 628 2815 701 enim,
2860 627 3349 712 inscriptionem

1876 739 2144 796 aversae
2208 750 2469 812 semper
2534 728 2614 789 ad
2675 743 2893 810 typum
2943 729 3127 807 *juxta
3168 732 3354 813 ,posi-

1877 845 2013 894 tum
2055 831 2328 907 referri,
2375 851 2537 913 crgo
2572 831 2629 891 si
2660 829 2999 912 inscriptio
3044 831 3359 913 quaedam

1878 948 2101 1017 typum
2146 933 2270 1026 jam
2319 932 2548 1005 habet,
2619 930 2800 1012 cujus
2844 951 3032 995 causa
3074 932 3392 1015 adposita-

1883 1052 2017 1111 est,
2076 1055 2295 1097 nonne
2355 1033 2625 1112 otiosam
2687 1013 3055 1116 putassimus
3118 1035 3370 1118 epigra-

1883 1139 2057 1220 phen
2104 1139 2412 1208 alteram,
2457 1155 2620 1217 quae
2668 1156 2976 1217 quorsum
3021 1134 3368 1215 referatur,

1877 1244 2014 1299 'non
2062 1235 2300 1297 habet?
2346 1236 2507 1296 Esto
2545 1237 2835 1303 Victoria
2881 1252 2947 1298 et
2992 1238 3371 1320 epigraphe,

1888 1353 1955 1400 et
2017 1353 2204 1418 typus
2264 1337 2466 1419 partis
2525 1356 2818 1410 aversae,
2900 1338 3055 1421 quid
3132 1360 3374 1421 quaeso

1887 1438 1968 1500 ad
2012 1439 2177 1500 hanc
2222 1427 2577 1520 pertinebit
2626 1438 2833 1499 Beata
2878 1440 3373 1521 Tranquillitas,

1887 1560 2115 1623 quam,
2163 1539 2378 1620 ajunt,
2427 1539 2674 1619 positae
2719 1538 2894 1618 juxta
2939 1538 3170 1601 literae
3216 1541 3270 1598 B
3318 1546 3374 1604 '1‘

1889 1640 2334 1724 eloquuntur?
2414 1639 2516 1702 Ad
2583 1641 2743 1700 haec
2803 1659 2934 1700 non
2997 1638 3236 1704 sufficit
3296 1642 3378 1703 ad

1888 1741 2287 1804 statuendam
2321 1713 2697 1823 generalem
2739 1733 3099 1825 quampiam
3140 1743 3378 1823 legem,

1890 1864 2037 1905 esse
2100 1843 2345 1926 aliquas
2404 1843 2663 1918 literas,
2727 1863 2808 1903 ex
2872 1844 3104 1925 quibus
3165 1844 3422 1907 facilis¹

1891 1944 2146 2028 quidam
2196 1965 2421 2006 sensus
2465 1945 2670 2027 possit
2714 1945 2891 2018 erui,
2935 1965 3079 2006 cum
3124 1945 3373 2027 majore

1890 2045 2097 2106 multo
2128 2066 2406 2108 numero
2436 2049 2562 2107 sint
2590 2046 2753 2108 aliae
2773 2091 2788 2120 ,
2825 2068 2906 2109 ex
2938 2046 3172 2129 quibus
3203 2046 3376 2108 istud

1891 2147 2173 2209 obtineri
2220 2147 2467 2230 nequit.
2552 2149 2761 2231 Hujus
2805 2146 3067 2230 generis
3111 2161 3260 2208 suut
3303 2147 3377 2208 li·

1891 2261 2072 2311 terae
2117 2248 2444 2311 solitariae
2493 2251 2595 2312 vel
2642 2252 2947 2323 Latinae,
3012 2249 3117 2311 vel
3175 2247 3378 2314 Grae-

1892 2370 2043 2428 cae,
2071 2372 2236 2433 quae
2282 2351 2446 2413 adeo
2493 2352 2745 2413 initium
2789 2352 3182 2433 epigraphes
3227 2371 3371 2414 esse
3417 2395 3426 2406 ι

1890 2471 2021 2512 non
2066 2468 2367 2535 possunt,
2409 2473 2555 2515 cum
2602 2455 2763 2518 hacc
2807 2474 2989 2527 raro,
3027 2455 3376 2537 praecipue

1892 2552 1958 2613 in
2005 2553 2215 2624 numis
2262 2555 2593 2618 inferioris
2635 2556 2817 2631 aevi,
2862 2556 3057 2616 unico
3101 2555 3378 2642 vocabu-

1890 2653 1958 2713 lo
2018 2653 2429 2742 absolvatur,
2486 2671 2595 2719 aut
2637 2656 2904 2718 Latinae
2950 2654 3218 2718 Graecis
3275 2676 3377 2718 so·-

1890 2755 2128 2832 ciatae,
2186 2773 2257 2819 ut
2303 2753 2358 2818 Γ
2362 2760 2438 2822 F.
2483 2755 2635 2823 ΑΓ.
2679 2771 2804 2824 etc.
2850 2772 2958 2820 aut
2999 2743 3190 2823 uotae
3234 2758 3375 2823 siue

1892 2857 2088 2951 dubio
2158 2860 2609 2922 arithmeticae
2688 2879 2805 2921 seu
2878 2862 3182 2940 Latinae,
3260 2882 3380 2926 seu

1890 2958 2218 3036 Graecae,
2278 2978 2349 3023 ut
2403 2964 2493 3030 v1
2537 2962 2644 3023 vel
2687 2964 2853 3037 KS„
2914 2979 3018 3025 aut
3076 2965 3217 3044 ejus
3275 2986 3374 3026 ra·

1887 3061 2120 3146 tionis,
2179 3063 2413 3144 quibus
2473 3084 2556 3125 ne
2601 3063 2921 3124 Harduini
2978 3066 3238 3148 quidem
3282 3068 3378 3128 in·

1889 3163 2152 3240 genium
2243 3164 2813 3244 significationem·
2882 3167 3201 3251 reperiat,
3301 3181 3374 3229 ut
3421 3193 3438 3209 ·

1886 3260 2106 3336 BKV,
2154 3265 2333 3330 lxv.
2420 3264 2794 3326 Consultius
2838 3264 3038 3346 igitur
3082 3266 3209 3329 erit
3252 3278 3375 3329 sta-

1885 3375 2106 3438 tuere,
2154 3362 2269 3425 has
2316 3363 2536 3425 literas
2579 3377 2688 3425 aut
2732 3384 2876 3425 esse
2921 3380 3104 3428 notas
3149 3387 3372 3431 moue.-

1883 3465 2229 3543 tariorum,
2266 3465 2496 3547 quibus
2540 3478 2647 3527 aut
2692 3463 2991 3529 officinae
3036 3489 3108 3531 se
3150 3467 3373 3532 distin-

1884 3585 2077 3641 xere,
2120 3581 2229 3629 aut
2263 3565 2505 3650 aliquid
2547 3567 2952 3631 intellectum
2991 3568 3146 3646 fuit,
3194 3572 3370 3651 quod

1883 3686 2028 3728 cum
2078 3666 2409 3748 explicare
2455 3669 2783 3740 volumus,
2823 3669 2998 3731 aliud
3040 3671 3167 3735 nisi
3211 3687 3368 3737 tem·

1881 3770 2061 3852 poris
2102 3769 2415 3851 jacturam
2458 3790 2592 3832 non
2635 3773 3012 3840 auferimus.

2428 3915 2468 3955 fi
2590 3872 2630 3910 ξ
2757 3920 2789 3952 'tt

2004 3967 2369 4055 Super'sunt
2412 3989 2604 4040 notae
2662 3976 2973 4060 quaedam
3017 3976 3366 4054 chronolo-

1877 4074 2062 4155 gicae
2096 4075 2287 4157 hujus
2322 4075 2546 4138 classis
2585 4078 2797 4140 uumis
2833 4077 3144 4143 insertae.
3203 4080 3363 4143 Inde

1873 4197 1911 4238 a
1967 4178 2213 4257 Iustino
2271 4180 2319 4239 1.
2373 4191 2441 4240 et
2501 4180 2837 4263 complura
2898 4182 3362 4269 consequentia

1835 4278 2144 4360 imperia
2188 4279 2255 4340 in
2299 4300 2527 4342 aversa
2592 4294 2891 4344 monetae
2932 4301 3179 4345 aeneae
3221 4301 3358 4345 sae·

1869 4399 1956 4465 pe
2001 4380 2246 4461 tegitur
2302 4380 2565 4443 ANNO.
2612 4384 2662 4444 1.
2708 4383 2788 4442 11.
2834 4384 2944 4444 111.
2973 4368 3134 4449 ἶω.
3216 4383 3357 4448 nso

1868 4482 2231 4568 epigraphe
2276 4481 2550 4545 iudicari
2590 4504 2793 4548 annos
2836 4483 3098 4569 imperii
3137 4486 3356 4572 siugu-

330 4646 403 4759 a)
432 4686 602 4747 Tum.
639 4686 711 4747 11.
750 4707 886 4765 pag.
928 4698 1050 4753 155.
