4388 5576
893 476 1039 542 332

891 658 1064 720 tum,
1123 661 1161 705 a
1205 660 1336 725 quo
1379 655 1583 703 annus
1624 633 2040 715 inscribitur,
2082 636 2385 724 cuiquam

892 742 1359 810 concederent.
1448 736 1704 832 Quare,
1771 737 2021 822 inquit,
2090 739 2385 804 insolens

827 881 837 895 ·
891 849 1084 932 plane
1114 846 1371 920 risum,
1417 838 1865 906 Theodosium
1906 843 2000 904 Μ.
2049 839 2226 905 hunc
2267 841 2388 906 ho·-

889 970 1122 1013 norem
1177 948 1245 1011 iu
1301 943 1890 1030 quinquennalibus
1949 943 2229 1008 cessisse
2271 945 2386 1007 Ss-

891 1053 1157 1116 turnino
1198 1047 1453 1133 privato
1487 1049 1568 1128 ⁸).

1017 1153 1161 1218 Cel.
1203 1148 1447 1231 Pagius
1499 1146 1727 1230 plures
1785 1144 2387 1232 aliassuscipieudi

891 1255 1264 1322 consulatus
1328 1271 1551 1314 causas
1613 1248 1925 1326 contulit,
2000 1251 2384 1314 nominatim

896 1372 1200 1425 votorum
1259 1350 1714 1416 decennalium
1777 1351 2108 1429 solennia,
2164 1351 2389 1425 conle-

895 1460 1077 1543 gium
1150 1455 1438 1521 consulis
1499 1452 1828 1530 Caesaris,
1904 1453 2015 1517 vel
2082 1455 2386 1538 Augusti,

892 1559 1346 1647 expeditiones
1407 1556 1758 1631 militares,
1819 1554 2227 1638 triumphos,
2289 1555 2388 1617 lu-

891 1662 1012 1725 dos
1067 1649 1468 1735 s‘aeculares,
1535 1671 1730 1741 atque
1784 1660 2053 1740 iusuper
2110 1658 2389 1743 templo·

889 1785 1072 1841 rum,
1116 1763 1558 1836 theatrorum,
1614 1760 2059 1837 colonorum,
2101 1760 2390 1824 therma·

889 1888 1041 1932 rum
1086 1863 1549 1929 dedicationes.
1630 1864 1842 1955 Quam
1886 1865 1941 1926 is
1984 1862 2388 1946 argumentis
2437 1896 2444 1901 -

891 1969 1112 2053 vagis,
1208 1964 1516 2042 incertis,
1599 1965 1984 2049 nullumque
2068 1963 2387 2028 habituris

894 2069 1241 2133 adsensum
1314 2067 1686 2132 universam
1747 2068 1913 2132 hanc
1973 2087 2232 2130 causam
2293 2065 2390 2127 ni-

891 2186 1067 2235 tatur
1110 2168 1444 2244 stabilire,
1484 2169 1763 2232 diximus
1805 2168 1928 2232 sub
1970 2168 2226 2231 initium
2272 2168 2390 2231 hu-

890 2275 992 2356 jus
1061 2286 1393 2337 tractatus.
1477 2270 1856 2335 Generatim
1917 2283 2136 2354 potest
2194 2270 2389 2334 adfir-

892 2375 1087 2449 mari,
1133 2373 1672 2455 imperatoribus,
1717 2375 1881 2435 utin
1911 2373 2249 2458 plerisque
2284 2393 2388 2437 re·

893 2476 1013 2538 bus
1068 2472 1250 2547 aliis,
1305 2494 1504 2536 unum
1549 2474 1889 2542 arbitrium
1935 2477 2135 2538 fuisse
2180 2475 2387 2539 adsci-

891 2575 1306 2655 scendorum,
1334 2574 1911 2663 iterandorumque
1930 2579 2381 2644 consulatuum

898 2700 1181 2746 causam.

1512 2899 1566 2974 §-
1610 2898 1764 2999 vn.

1017 3086 1121 3146 Ex
1152 3101 1281 3165 quo
1312 3081 1644 3169 principes
1662 3083 1935 3147 “omnem
1964 3083 2236 3148 arbitrio
2264 3107 2381 3150 suo

890 3197 1279 3270 potestatem
1324 3183 1707 3264 subjecere,
1779 3183 1859 3248 ad
1903 3186 2210 3250 consules
2255 3209 2386 3250 am-

889 3289 1060 3372 plius
1120 3307 1252 3349 uon
1306 3286 1625 3369 pertinuit
1677 3286 1854 3351 bella
1910 3288 2073 3350 soris
2119 3308 2384 3374 gerere,

888 3404 996 3454 aut
1055 3388 1450 3472 providere,
1526 3409 1612 3452 ne
1672 3410 1851 3475 resp.
1912 3388 2382 3453 detrimentum

844 3493 1205 3577 ,patiatur,
1268 3488 1385 3553 sed
1432 3490 1792 3565 Romaein
1833 3511 1961 3555 una
2004 3511 2117 3555 sua
2159 3491 2387 3555 trabea

888 3593 1226 3676 conspicui
1289 3611 1413 3675 pro
1473 3592 1725 3672 magnis
1778 3592 2043 3678 imperii
2100 3594 2385 3675 negotiis

888 3697 1101 3768 eoacti
1160 3707 1309 3758 sunt
1367 3689 1662 3776 ignobile
1727 3694 1932 3756 otium
1992 3695 2382 3758 consectari.

892 3803 1104 3861 Recte
1150 3816 1314 3877 ergo
1361 3794 1523 3855 dixit
1553 3796 1978 3859 Mamertinus
2024 3794 2107 3858 de
2152 3799 2388 3860 c'onsu-

889 3898 1164 3972 latibus,
1209 3895 1329 3958 sed
1379 3898 1527 3960 aevi
1574 3894 1979 3979 imperatorii
2002 3896 2116 3978 b):
2158 3902 2230 3960 in
2273 3901 2387 3962 a'd·

890 4001 1477 4064 ministrationibus
1511 4001 1694 4060 labor
1724 4002 1954 4062 honori
1984 4005 2382 4082 adjungitur,

890 4105 962 4163 in
990 4103 1330 4164 consulatu
1363 4102 1563 4162 Itonos
1591 4103 1732 4162 sine
1763 4102 1986 4164 labore
2017 4105 2412 4182 suscipitur..

888 4201 1100 4287 Magis
1154 4219 1373 4265 amare
1419 4197 1902 4279 Cassiodorius,
1958 4221 2153 4286 quem
2205 4205 2261 4280 §.
2302 4206 2385 4266 X.

891 4304 1264 4379 citabimus,
1334 4301 1508 4366 istud
1570 4303 1913 4368 consulum
1975 4303 2178 4369 otium
2236 4326 2389 4391 per·

790 4479 793 4482 Α
890 4410 1188 4494 stringit,
1251 4405 1503 4491 fuitque
1547 4404 1714 4470 adeo
1759 4427 1842 4471 ex
1886 4407 2250 4470 innumeris
2290 4409 2387 4470 iu-

889 4511 1106 4576 sauiae
1165 4510 1603 4595 argumentis,
1666 4507 1908 4594 quibus
1952 4509 2251 4594 Caligula
2275 4515 2288 4518 “
2310 4530 2383 4574 se

963 4724 1024 4788 a)
1063 4711 1231 4774 Orat.
1271 4708 1446 4776 XVK

1635 4713 1706 4789 b)
1749 4714 2011 4776 Gratiar.
2051 4727 2161 4774 act.
2202 4716 2434 4778 Iuliano
2469 4737 2524 4778 c.
2560 4730 2615 4782 2.

2185 452 2583 533 CAPVT
2645 453 2705 530 1.

2501 637 2975 713 obstrinxerat,
3038 637 3334 739 maxime
3375 632 3853 720 ignoscendum
3911 640 4014 704 il-·

2499 739 2647 819 lud,
2709 741 2887 824 quod
2947 759 3187 822 equum
3246 740 3619 805 consulatus
3678 738 3989 827 capacem

2497 840 2804 910 credidit.
2887 840 3087 935 Quod
3149 840 3354 923 igitur
3411 858 3611 905 unum
3671 844 3731 910 is
3790 846 3993 927 magi·
4119 848 4126 851 ’

2496 958 2734 1010 stratus
2771 943 3082 1029 deinceps
3110 943 3465 1031 praestitit,
3509 946 3862 1029 explicavit
3889 951 3992 1012 lu-

2465 1046 2707 1111 „lianus
2767 1050 2937 1131 Aug.
2982 1048 3045 1130 ο)
3118 1046 3422 1110 nimirum
3475 1054 3758 1130 privatis
3815 1054 3994 1118 velue

2490 1153 2850 1232 praemium
2882 1149 3201 1234 quoddam
3235 1160 3363 1227 est,
3408 1172 3490 1214 ac
3526 1171 3762 1214 merces
3795 1155 3993 1215 virtu-

2498 1255 2621 1328 tis,
2693 1262 2813 1315 aut
2862 1255 3050 1335 fidei,
3123 1262 3244 1315 aut
3299 1255 3774 1317 benevolentiae
3831 1275 3991 1337 erqo

2490 1356 2848 1435 principes,
2867 1363 3013 1443 ⁹emt
3050 1357 3282 1417 eximii
3321 1358 3602 1433 alicujus
3635 1356 3989 1437 facinoris,

2492 1438 2896 1534 principibus
2943 1475 3093 1519 vero
3140 1457 3303 1534 ipsis
3347 1461 3443 1517 ad
3468 1476 3547 1519 ea
3579 1459 3778 1532 bona,
3822 1477 3992 1540 quae

2483 1562 2636 1636 jans
2659 1560 3029 1638 possident,
3071 1560 3247 1621 velut
3291 1561 3572 1634 decoris,
3614 1566 3680 1622 et
3724 1568 3993 1622 ornatus

2501 1662 2785 1723 accessio
2828 1668 2944 1722 est.

3102 1879 3161 1957 §.
3210 1878 3390 1951 Vm.

2626 2050 3047 2143 Consulatus,
3108 2078 3450 2151 antequam
3495 2064 3690 2151 plane
3732 2066 3994 2132 occide·

2501 2177 2637 2240 ret,
2697 2165 2914 2229 variae
2973 2165 3185 2231 adhuc
3242 2150 3496 2231 formae
3560 2181 3710 2233 sunt
3769 2169 3994 2234 obser·

2505 2265 2802 2345 rendae,
2846 2270 2965 2334 sed
3025 2269 3203 2354 quod
3256 2285 3713 2354 argumentum
3770 2274 3992 2354 paucis

2500 2390 3011 2454 persequemur,
3054 2373 3203 2456 quia
3241 2371 3324 2435 ad
3358 2372 3694 2436 historiam
3728 2374 3993 2458 quidem

2501 2472 2645 2558 ejus
2692 2474 2839 2536 aevi
2882 2474 3270 2557 plurimum,
3314 2474 3477 2534 nihil
3518 2492 3679 2539 vero
3724 2476 3807 2539 ad
3847 2497 3991 2541 rem

2500 2576 3013 2638 numismaticam
3105 2574 3382 2658 amplius
3471 2568 3756 2643 confert.
3861 2578 3995 2673 Qui

2497 2679 2688 2762 plura
2736 2679 2945 2760 cupit,
3006 2677 3385 2761 adeat0post
3430 2678 3813 2740 Panviuium
3874 2683 3994 2743 Pa·

2501 2777 2593 2862 gii
2649 2777 3123 2843 dissertationis
3184 2778 3522 2864 hypaticae
3576 2792 3831 2862 partem
3876 2782 3990 2848 111.

2497 2881 2651 2946 inde
2699 2906 2735 2946 a
2775 2903 2924 2968 pag.
2962 2883 3112 2946 308.
3295 2875 3298 2878 ¹
3419 2899 3422 2902 '

2627 2989 3008 3048 Consulatus
3057 2986 3367 3046 dimidius
3411 2980 3781 3059 dicebatur,
3840 3003 3987 3045 cum

2497 3085 2651 3148 uno'
2688 3097 2935 3148 tantum
2995 3085 3297 3161 consule,
3365 3082 3629 3145 nemine
3690 3086 3990 3169 conlega,

2497 3185 2852 3250 constabat.
2942 3186 3121 3273 Talis
3174 3185 3303 3268 jam
3357 3184 3483 3246 fuit
3536 3185 3719 3248 nullo
3775 3186 3997 3270 hacte-

2498 3309 2620 3350 nus
2659 3287 2963 3370 exemplo
3001 3307 3171 3349 anuo
3215 3288 3301 3353 V.
3338 3286 3572 3366 C.·702
3619 3288 3995 3352 consulatus

2499 3392 2613 3450 111.
2661 3391 2779 3452 Cn.
2822 3388 3122 3470 Pompeii
3171 3389 3294 3464 M„
3355 3386 3467 3469 qui
3524 3388 3705 3450 solus
3761 3389 3831 3450 in
3885 3408 3993 3455 co-

2500 3488 2699 3550 mitiis
2756 3487 2896 3553 sine
2947 3491 3227 3573 conlega
3281 3488 3535 3552 electus
3595 3502 3698 3553 est
3739 3493 3990 3556 consul.

2499 3593 2590 3660 Vt
2623 3607 2755 3653 tum
2792 3583 3122 3655 dissensu's
3155 3591 3394 3657 civium
3427 3591 3769 3658 insolentis
3798 3593 3993 3678 hujus

2499 3693 2654 3757 facti
2725 3713 2919 3763 causa⁴
2981 3693 3139 3768 fuit,
3203 3694 3295 3758 ita
3365 3694 3562 3759 etiam
3630 3694 3993 3781 imperante

2500 3795 2762 3857 demum
2809 3795 3234 3859 Constantino
3283 3800 3374 3864 Μ.
3418 3798 3749 3863 dissensus
3791 3799 3995 3885 pluri·

2499 3920 2609 3962 um
2655 3896 3136 3981 imperantium.
3205 3895 3377 3963 Sa'ne
3419 3901 3645 3987 plures
3688 3916 3989 3969 veterum

2498 3999 2647 4063 fasti
2703 4020 2903 4062 annos
2961 4012 3109 4082 post
3160 4000 3492 4065 Christum
3553 4004 3679 4068 310
3739 4016 3807 4067 et
3862 4002 3985 4066 312

2500 4101 2646 4164 sole
2682 4102 2997 4163 Maxentii
3036 4087 3378 4166 consula'tu
3413 4116 3749 4169 notavere.
3837 4104 3989 4166 Plu-

2499 4223 2609 4265 res
2658 4201 2814 4265 alias
2867 4202 3080 4264 manci
3128 4199 3502 4268 consulatus
3554 4226 3780 4271 causas
3834 4205 3989 4273 vide

2497 4304 2670 4388 apud
2698 4304 2970 4388 Pagium
3003 4302 3156 4366 inde
3190 4326 3225 4367 a
3260 4325 3406 4391 pag.
3441 4306 3568 4370 3ιο
3606 4309 3653 4374 l.
3685 4327 3744 4374 c.

2628 4412 2865 4472 Consul
2877 4391 3232 4484 orientalis,
3262 4422 3327 4472 et
3342 4413 3800 4475 occidentalis?
3824 4411 3992 4477 Con·

2496 4510 2814 4574 stantinus
2870 4511 2963 4575 M.
3039 4508 3250 4575 diviso
3315 4510 3384 4571 iu
3456 4509 3842 4590 Orientem,
3922 4528 3990 4578 et

2817 4722 2879 4794 c)
2919 4717 3085 4779 Orat.
3125 4719 3230 4783 111.
