4388 5576
1133 507 1281 578 504

1136 686 1272 736 tum
1300 680 1387 730 ·et
1430 666 1495 727 in
1543 661 1772 726 eadem
1820 658 2036 723 tabula
2083 669 2362 743 quatuor
2410 655 2633 741 plane·

1139 790 1234 842 tas
1295 768 1517 831 nimbo
1575 763 1880 828 circulari
1924 759 2437 845 praefulgentes.
2528 762 2632 822 Ex

1136 874 1387 945 nuruis,
1453 869 1564 953 qui
1604 887 1754 949 eum
1799 861 2218 947 praeferunt,
2263 864 2634 923 Buonar-ro-

1138 978 1231 1041 tio
1267 977 1324 1057 ¹)
1349 1019 1365 1050 ,
1404 986 1472 1035 et
1502 967 1809 1030 Bimardo
1842 964 1907 1046 b)
1944 963 2423 1047 antiquissimus
2459 982 2634 1024 com-

1137 1092 1366 1162 pertus
1412 1086 1512 1136 est
1561 1068 1887 1149 Antonini
1914 1067 2052 1141 Pii,
2110 1084 2304 1149 quem
2352 1064 2639 1127 ostendit

1143 1179 1435 1244 Oiselius
1468 1179 1561 1255 c),
1622 1174 1689 1234 in
1750 1190 1878 1254 quo
1909 1169 2080 1250 'ejus
2126 1166 2400 1247 Augusti
2446 1178 2637 1250 caput

1141 1282 1209 1342 in
1245 1299 1469 1342 aversa
1501 1275 1725 1339 stantis
1755 1270 2009 1332 nimbus
2041 1267 2260 1330 ambit.
2308 1269 2428 1329 Est
2459 1268 2632 1346 idem

1144 1382 1609 1450 nitidissimus,
1669 1396 1743 1437 ac
1804 1374 2052 1457 primae
2098 1370 2350 1431 formae
2397 1388 2636 1430 aeneus

1146 1483 1212 1543 in
1261 1499 1488 1543 museo
1532 1482 1889 1550 Caesareo,
1938 1487 2004 1535 et
2046 1471 2398 1553 inscriptus
2445 1471 2636 1536 COS.

1145 1588 1289 1647 llll.
1377 1583 1448 1642 ln
1493 1600 1574 1642 eo
1619 1577 1876 1639 nimbus
1921 1575 2290 1637 luculentus
2337 1585 2474 1647 cst,
2521 1572 2637 1635 s'ed

1143 1706 1271 1771 per
1335 1681 1681 1762 intervalla·
1742 1678 1939 1740 radiis
2002 1687 2241 1738 sectus.
2330 1677 2414 1735 At
2473 1695 2640 1738 vero

1145 1785 1435 1848 nimbum
1487 1804 1753 1863 purum,
1800 1779 1868 1839 id
1914 1792 2043 1853 est,
2088 1778 2228 1837 sine
2272 1775 2493 1853 radiis,
2540 1797 2640 1838 so·

1147 1889 1212 1952 la
1251 1886 1480 1950 circuli
1521 1885 1764 1957 forma,
1829 1893 1975 1965 post
2017 1878 2252 1940 multos
2290 1876 2498 1939 serius
2535 1898 2644 1939 an-

1147 2010 1272 2052 nos
1330 1991 1578 2071 primus
1644 1984 1840 2047 offert
1904 2002 2134 2043 numus
2194 2000 2430 2041 aureus
2477 1980 2645 2041 Con-

1155 2088 1419 2153 stantini
1483 2088 1608 2164 M„
1689 2106 1882 2170 quem
1948 2084 2238 2166 vulgavit
2299 2079 2645 2141 Morcllius

1151 2193 1574 2272 inscriptum:
1699 2186 2127 2251 GAVDIVM.
2236 2180 2649 2243 ROMANO·

1149 2296 1347 2361 RVM
1378 2289 1476 2369 d)‚
1543 2289 1839 2371 sequitur
1883 2289 2049 2347 alter
2093 2303 2327 2346 aureus
2371 2283 2648 2344 Faustae

1152 2393 1379 2458 uxoris
1455 2390 1533 2454 ab
1610 2386 1847 2466 ecdem
1920 2386 2251 2468 vulgatus,
2329 2384 2447 2446 sed
2507 2383 2665 2445 sine*

1131 2496 1475 2580 ,iconismo
1509 2493 1603 2574 θ),
1683 2487 1922 2576 deinde
1997 2487 2402 2562 Constantis,
2484 2488 2653 2548 Con-

1156 2595 1410 2669 stantii,
1475 2606 1542 2654 et
1598 2590 1772 2654 obvii
1833 2588 2105 2652 subinde
2149 2590 2260 2651 alii
2307 2589 2654 2670 imperato-

1155 2717 1303 2758 rum
1365 2694 1694 2767 Orientis,
1764 2711 1841 2752 ae
1896 2693 2247 2773 praecipue
2307 2689 2374 2748 in
2435 2688 2678 2749 aureis‘

1161 2795 1680 2882 praegrandibus
1753 2792 2083 2877 Valentis,
2170 2788 2282 2874 qui
2349 2802 2510 2859 »sunt
2587 2787 2652 2848 in

1164 2917 1395 2961 museo
1441 2897 1783 2983 Caesareo.

1288 2999 1451 3080 Ejus
1503 2993 1709 3056 nimbi
1769 2990 2156 3076 significatio
2219 2989 2474 3053 diversa
2526 3009 2654 3053 non

1159 3098 1283 3162 fuit
1346 3100 1426 3161 ab
1489 3116 1597 3173 ea,
1644 3117 1836 3180 quam
1902 3107 2165 3157 veteres
2228 3085 2655 3174 adsignavere

1163 3220 1449 3265 coronae
1494 3198 1816 3273 radiatae,
1863 3197 2165 3257 nimirum
2216 3216 2338 3278 qua
2382 3194 2661 3257 aeterni-

1159 3316 1297 3375 tas,
1338 3320 1417 3364 ac
1473 3298 1691 3362 divina
1730 3291 2063 3391 &quaedam
2131 3311 2358 3359 natura
2419 3295 2660 3358 intelli·

1162 3405 1478 3488 gebatur,
1524 3415 1596 3465 ut
1638 3402 1793 3464 alias
1840 3400 2120 3461 diximus
2150 3397 2233 3480 s).
2279 3398 2465 3459 Hanc
2510 3414 2658 3461 cum

1165 3506 1610 3580 Graecorum,
1707 3503 2286 3581 Romanorumque
2375 3498 2659 3562 adulatio

1068 3670 1069 3673 ,
1165 3608 1297 3673 suis
1359 3607 1554 3669 etiam
1617 3602 2019 3687 principibus
2081 3599 2484 3684 adsignat-et,
2530 3598 2679 3666 evi-‘

1165 3707 1330 3770 dens
1369 3722 1501 3783 est,
1546 3707 1677 3767 illis
1715 3705 1782 3765 in
1816 3703 1987 3765 istud
2020 3723 2282 3786 quoque
2321 3722 2661 3766 ornamen-

1166 3810 1220 3870 ti
1262 3828 1469 3890 genus
1515 3808 1614 3886 jus
1659 3786 1881 3871 fuisse.
1929 3806 2035 3865 Ex
2073 3805 2301 3866 eadem
2351 3825 2541 3869 causa
2585 3804 2662 3866 il·

1169 3907 1285 3967 lud
1332 3904 1725 3966 artifices-in
1770 3904 1978 3966 omnis
2026 3905 2661 3987 generis-artefactis

1175 4005 1610 4070 Christianam
1648 4004 2039 4088 religionem
2077 4008 2517 4090 spectantibus
2556 4007 2666 4067 tria

1175 4106 1463 4172 buerunt
1497 4106 1794 4182 Christo,
1838 4104 2176 4188 deiparae,
2223 4109 2506 4190 angelis,
2554 4109 2666 4171 ho·

1176 4209 1586 4294 minibusque
1634 4209 1699 4271 in
1749 4207 2005 4271 coelum
2052 4208 2370 4291 receptis,
2414 4226 2486 4274 ut
2528 4234 2670 4295 pas-

1175 4312 1296 4377 sim
1359 4311 1603 4376 docent
1671 4326 2089 4375 monumenta
2136 4312 2667 4384 'Christianorum

2350 473 2744 550 CAPvT
2826 469 3024 549 xv1.
3116 536 3128 546 .

2747 657 2900 720 inde
2945 679 2980 720 a
3025 655 3447 721 Constantino
3491 661 3584 722 M.
3630 656 3953 739 elaborata,
3991 676 4129 748 atquo

2746 758 3146 835 intes-„haec
3207 759 3383 819 numi
3443 778 3719 843 quoque.
3798 761 3914 824 Sed
3964 764 4018 823 in
4065 755 4133 826 hi,

2746 859 3005 921 nimbus
3036 859 3230 942 capiti
3271 859 3517 923 Christi
3561 879 3729 944 pone
3771 861 3982 925 adfixus
4007 863 4131 927 istud

2745 964 3136 1047 plerumque
3198 961 3393 1024 habet
3447 961 3806 1045 peculiare,
3859 964 4009 1048 quod
4040 987 4136 1029 cru·
4183 985 4188 988 ’

2751 1084 2893 1127 cem
2941 1064 3088 1125 orbi
3125 1084 3251 1125 suo
3294 1064 3605 1126 inclusam
3652 1063 3916 1127 exhibet.
3961 1067 4135 1129 Se'cun·

2753 1166 2906 1228 dum
2954 1166 3073 1227 hos
3117 1164 3337 1229 nimbo
3384 1166 3580 1227 etiam
3626 1165 3964 1229 ambiuntur
3997 1171 4140 1252 capita

2752 1271 3234 1350 Augustorum,
3279 1269 3868 1351 Augustarumque,
3908 1270 3988 1331 sic
4015 1271 4137 1340 utin,

2753 1369 2980 1432 saltem
3027 1369 3093 1429 in
3137 1367 3384 1444 numia,
3442 1367 3677 1431 horum
3736 1368 4048 1450 symbolum
4081 1369 4143 1428 su·

2753 1472 2883 1534 isse
2945 1473 3285 1555 proprium
3346 1470 3664 1534 videatur.
3751 1470 3982 1553 Colligo
4026 1470 4143 1530 istud

2756 1595 2838 1636 ex
2895 1594 3095 1637 numo
3140 1570 3467 1647 Valentis,
3529 1570 3596 1632 in
3656 1571 3834 1654 cujus
3874 1591 4059 1635 aversa
4090 1572 4146 1628 vi·

2758 1674 2912 1736 deas
2959 1673 3521 1764 Valentinianum,
3587 1686 3654 1735 et
3699 1673 4013 1739 Valentem
4041 1670 4148 1731 nim·

2757 1775 2978 1852 batos,
3044 1773 3320 1838 stantem
3386 1794 3545 1837 vero
3604 1777 3671 1837 in
3719 1775 3953 1837 horum
4001 1770 4151 1835 medio

2758 1879 3054 1960 puellum
3113 1877 3489 1939 Gratianum
3551 1876 3696 1938 sine
3754 1875 3990 1950 nimbo,
4056 1873 4155 1956 quia

2762 1992 2897 2041 tum
2942 1983 3273 2062 Augustus
3316 1977 3606 2041 nondum
3650 1979 3794 2042 fuit.
3875 1973 4153 2041 Mirandum

2764 2083 2978 2144 aufem
3051 2081 3260 2159 foret,
3339 2082 3749 2144 Christianos
3822 2081 4160 2162 imperatores

2764 2184 2915 2248 inde
2971 2208 3006 2247 a
3065 2184 3491 2247 Constantino
3535 2188 3624 2246 M.
3694 2184 3763 2245 in
3821 2193 4042 2243 moneta
4087 2195 4161 2256 pu·

2765 2287 2934 2350 blica
2999 2286 3348 2349 divinitatis
3408 2273 3626 2348 notam
3693 2300 4039 2367 usurpasse,
4085 2275 4165 2336 nisi

2765 2389 3072 2452 aliorsum
3122 2400 3484 2462 constaret,
3543 2386 3688 2467 ejus
3735 2385 3947 2449 aetatis
3983 2376 4165 2461 ingenia
4267 2421 4268 2436 ¹

2766 2491 2830 2551 in
2890 2511 3142 2552 summo
3199 2489 3510 2553 adversus
3557 2488 3947 2571 religionem
3987 2479 4169 2544 adfectu

2769 2610 3243 2676 saepenumero
3287 2604 3394 2653 aut
3441 2609 3643 2673 prave
3691 2591 3888 2651 fuisse
3927 2581 4166 2662 religiosa,

2763 2701 2876 2754 aut
2935 2692 3157 2767 rudia,
3229 2706 3296 2754 et
3364 2692 3533 2754 male
3596 2690 3895 2763 exculta,
3957 2697 4014 2746 et
4058 2684 4174 2764 ipse!

2771 2794 2911 2876 ejus
2957 2793 3182 2857 aetatis
3240 2793 3679 2877 imperatores
3724 2794 3793 2853 in
3836 2787 4062 2873 legibus
4095 2778 4174 2842 suit

2770 2918 2845 2960 ac
2907 2897 3138 2959 edictis
3207 2892 3439 2958 numen
3513 2916 3743 2971 suurn,
3812 2894 4178 2957 aeternamm,

2771 3003 3177 3061 divinitatem
3230 2997 3474 3079 jactare
3533 3017 3670 3058 non
3733 3014 3879 3058 esse
3921 2984 4178 3052 reveritos.

2773 3099 2957 3180 cujus
3020 3098 3458 3178 arrogantiae,
3521 3098 3752 3163 verius
3817 3092 4075 3158 insaniae
4118 3101 4184 3143 εἱ·

2775 3201 2988 3283 empla
3035 3198 3307 3282 collegit
3338 3197 3824 3281 Vandalius‘s).
3866 3196 4072 3276 Neque
4107 3178 4186 3246 ⁸¹13·

2773 3302 3051 3365 malibus
3094 3301 3297 3363 nimbi
3344 3301 3550 3362 honos
3596 3314 3885 3383 negatus
3928 3297 4059 3365 snit,
4107 3302 4190 3347 mo·

2777 3406 2861 3468 do
2893 3426 3038 3467 cum
3074 3401 3273 3466 sacris
3306 3402 3416 3463 illa
3437 3449 3451 3475 ,
3488 3401 3868 3485 divinisque
3896 3395 4074 3459 rebus
4099 3403 4194 3450 con·

2732 3519 3219 3567 necterentur.
3307 3508 3400 3566 Ita
3458 3505 3744 3566 Rotnani
3809 3501 4015 3565 adhue
4062 3489 4198 3554 idolo·

2777 3627 2919 3670 rum
2968 3608 3257 3669 cultores
3299 3601 3606 3690 ph'oenici
3652 3606 3766 3669 avi
3811 3601 4083 3665 nimbum
4112 3594 4203 3653 sunt

2779 3708 3024 3789 largiti,
3072 3708 3218 3791 quia
3249 3708 3552 3771 nimirum
3587 3708 4048 3770 aeternitatem
4074 3689 4200 3774 signi-

2775 3805 3121 3884 ficaverat,
3170 3822 3235 3871 et
3278 3810 3394 3872 illo
3439 3811 3808 3874 Christiani
3857 3802 4114 3871 artifices
4144 3808 4206 3870 ag·

2777 3932 2929 3972 num
2963 3909 3105 3988 dei,
3151 3912 3222 3973 et'
3250 3926 3526 3996 quatuor
3558 3911 4100 3996 evangelistarum
4127 3891 4206 3955 ⁸⁰5⁴

2785 4013 2970 4075 malia
3017 4011 3408 4096 symbolica,
3482 4036 3837 4079 sacrorum
3887 4010 4118 4076 scilicet
4147 3998 4214 4058 1²⁰·

2784 4136 3008 4177 rorum
3069 4109 3480 4192 reverentia,
3545 4133 4014 4189 exornavere,
4067 4115 4212 4184 neque

2770 4215 2907 4293 =alia
2939 4216 3052 4278 ‘de
3114 4236 3308 4314 capsa
3368 4218 3580 4302 aquila
3638 4219 3951 4305 duplex,
4023 4213 4129 4296 jam
4174 4217 4222 4261 θ’

2782 4316 2986 4400 longo
3027 4319 3308 4381 Romani
3348 4319 3612 4403 imperii
3655 4320 3977 4405 insigne,
4015 4308 4223 4377 nimbata

1177 4452 4220 4486 ——-—————-——nn————-—'-————.-——--=-‘

1251 4544 1315 4615 a)
1352 4542 1394 4600 l.
1434 4563 1483 4600 c.

1182 4631 1301 4689 tab.
1341 4630 1469 4693 vll.
1509 4651 1569 4689 n.
1612 4645 1661 4692 ι.

1844 4638 1903 4709 e)
1938 4634 2095 4693 ibid.
2134 4652 2273 4714 pag.
2313 4648 2402 4702 5³.

1179 4720 1252 4778 11.
1295 4738 1343 4778 c.
1380 4720 1436 4781 6.

1630 4544 1700 4619 b)
1740 4547 1818 4604 ad
1854 4534 2073 4605 lobert.
2114 4547 2286 4607 Tom.
2324 4546 2370 4605 I.
2409 4532 2542 4628 pag.
2572 4558 2699 4612 420.
2767 4564 2776 4569 “

2546 4654 2549 4658 “
2585 4638 2807 4711 syvol.
2849 4642 2952 4703 Vl.
2991 4638 3294 4720 pagqs'ro.

2850 4555 2907 4619 c)
2943 4550 3123 4612 Thes.
3163 4572 3322 4612 num.
3360 4540 3478 4612 tab·
3516 4550 3772 4611 LXVII.
3812 4567 3868 4613 1.
4021 4545 4083 4622 d)
4115 4544 4232 4621 Spe*

3479 4645 3547 4721 g)
3577 4641 3666 4701 de
3711 4641 4017 4731 oraculis
4053 4636 4220 4696 Dissffl
