4388 5576
1090 587 1247 662 AD
1317 585 1895 661 VOLVMEN
1971 587 2453 663 PRIMVM.

231 760 385 825 mihi
428 760 655 828 videre
693 753 875 827 licuit
920 756 1294 821 metathesis
1338 740 1723 841 exemplum?
1776 834 1779 837 Ι

232 864 485 950 qualem
506 858 836 946 suppetias
860 873 1053 925 vocat
1076 859 1392 924 Sestinus.
1427 862 1524 923 Ea
1551 858 1713 923 urbs

230 990 263 1028 a
321 965 592 1028 Graecis
651 961 1078 1044 scriptoribus
1157 976 1389 1028 vocata
1451 981 1716 1046 semper

226 1069 345 1131 fuit
374 1069 665 1141 Ασκλον,
720 1064 929 1127 rarius
964 1066 1273 1126 Ασκυλον.
1332 1061 1509 1156 Quid
1538 1063 1711 1148 quod

225 1168 404 1232 nullo
437 1181 706 1231 auctore
747 1177 1038 1242 constet,
1074 1164 1387 1228 Asculum
1417 1165 1715 1227 istudssin·

226 1272 396 1335 colas
438 1269 745 1333 habuisse
804 1266 1134 1343 Graecos,
1200 1286 1360 1349 quos
1413 1268 1712 1333 novimus

223 1374 366 1436 loca
399 1385 645 1433 tantum
679 1369 842 1432 mari
887 1367 1122 1444 adsita,
1169 1381 1276 1430 aut
1309 1369 1388 1432 ab
1424 1371 1551 1434 boc
1583 1391 1713 1432 non

204 1474 411 1539 .val‹le
448 1471 744 1536 distantia
789 1470 856 1530 in
888 1468 1017 1531 hoe
1046 1470 1265 1533 ltaliae
1298 1485 1508 1534 tractu
1545 1472 1716 1533 inse·

226 1578 428 1654 disse,
468 1573 728 1659 populis
773 1571 981 1654 hujus·
1009 1571 1287 1637 viciniae
1333 1572 1716 1635 mediterra-

224 1679 362 1744 neis
400 1677 721 1761 scriptura
749 1675 861 1738 vel
895 1674 1123 1737 Latina
1155 1720 1174 1752 ,
1215 1651 1570 1752 vel'Osca‚
1611 1677 1717 1754 vel
1746 1762 1749 1763 ⁷

227 1779 569 1845 Samnitica
591 1824 610 1856 ,
651 1777 761 1843 vel
799 1776 1388 1861 quomodocunque
1423 1778 1620 1838 mixta
1645 1776 1714 1837 in

226 1896 481 1945 moneta
517 1902 631 1942 sua
660 1879 812 1942 usis.
861 1878 1163 1962 Denique
1193 1878 1436 1942 frustra
1471 1879 1714 1942 adseri-

227 2001 329 2049 tur
351 2031 368 2062 ,
404 2003 672 2045 numum
699 1980 873 2042 hunc
912 1981 1060 2061 regi
1102 1980 1360 2061 Pyrrho
1398 2001 1712 2046 coaevum

225 2102 367 2152 esse
411 2106 646 2169 posse,
689 2085 871 2165 cujus
911 2095 1119 2146 aetate
1177 2081 1395 2144 nullus
1437 2084 1712 2167 amplius

223 2190 342 2253 fuit
373 2210 525 2251 usus
565 2187 705 2267 ejus
739 2185 1138 2268 scripturae,
1172 2204 1361 2267 quan}
1401 2207 1522 2248 nos
1566 2206 1715 2269 per-

217 2304 534 2357 vetustam
576 2287 893 2350 Graecam
941 2308 1265 2352 vocamus.
1311 2286 1509 2369 Cujus
1556 2288 1716 2349 alte-

216 2392 349 2455 rius
392 2389 573 2453 urbis
608 2410 753 2452 esse
789 2389 896 2452 hie
930 2410 1162 2452 numus
1196 2389 1422 2473 possit,
1454 2391 1710 2473 ignore.

100 2488 121 2495 ’
218 2488 397 2556 Istud
427 2507 669 2555 tantum
698 2491 909 2555 audeo
930 2490 1307 2567 adfirmare,
1344 2491 1569 2553 Asculi
1599 2512 1715 2552 no·

216 2617 368 2660 men
419 2595 953 2679 ex=epigraphe,
1018 2614 1211 2676 quam
1274 2592 1464 2655 nobis
1534 2592 1717 2656 dedit

216 2712 473 2775 auctor,
510 2699 657 2760 erui
704 2719 833 2759 non
878 2715 1096 2778 posse.
1142 2692 1388 2774 Eadem
1429 2694 1485 2756 is
1535 2715 1719 2757 occa-

216 2803 401 2866 sione
445 2801 701 2885 impetit
745 2820 1009 2861 numum
1044 2796 1196 2859 huic
1224 2817 1340 2859 suo
1377 2819 1509 2859 non
1553 2800 1718 2859 mul-

215 2918 349 2966 tum
394 2903 792 2977 absimilem,
836 2901 901 2961 in
934 2921 1063 2985 quo
1113 2899 1513 2962 Pellerinius
1551 2899 1714 2983 legit

217 3001 657 3081 ATCKAA.,
723 3023 1049 3086 quemque
1111 3001 1276 3063 adeo
1337 3002 1709 3083 Dyscclado

215 3105 465 3186 Illyrici
540 3104 789 3165 insulae
865 3101 1066 3163 tribui
1141 3121 1335 3183 posse
1407 3102 1707 3183 conjecit.

218 3208 484 3290 (Suppl.
528 3208 577 3269 1.
627 3228 691 3288 p.
728 3205 863 3283 33.)
941 3201 1180 3262 Eidem
1236 3221 1398 3283 ergo
1459 3203 1706 3265 Asculo

215 3313 392 3373 hunc
426 3327 684 3392 quoque
720 3302 978 3367 restitui
1008 3301 1169 3365 vult.

345 3414 577 3493 Neque
639 3407 745 3470 hic
805 3403 1095 3468 constitit
1154 3403 1435 3465 auctoris
1490 3403 1712 3467 'nostri

214 3513 609 3589 liberalitas,
653 3509 771 3571 sed
822 3505 1041 3569 eidem
1078 3505 1323 3568 Asculo
1365 3518 1715 3588 sequentes

214 3617 300 3680 ad
334 3617 459 3678 huc
500 3634 733 3676 numos
768 3620 1177 3672 numeratur:

345 3709 723 3780 ATCKIA.
774 3711 844 3774 in
900 3711 1066 3774 alio:
1142 3702 1702 3776 ἈΤΣΚΛῙΩΝ.

211 3824 408 3905 Aper
447 3839 738 3900 currens.
784 3813 831 3873 ae
877 3815 1097 3894 Spica.
1140 3811 1281 3874 AE.
1318 3813 1427 3874 111.

282 3921 287 3926 ’
341 3921 674 4002 Stephano
703 3917 950 4002 gentile
979 3913 1203 3976 Asculi
1235 3926 1335 3975 est
1360 3913 1704 3991 Ασκλιτης,

202 4024 457 4088 Latinis
492 4021 616 4083 fuit
650 4020 1074 4092 Asculanus,
1122 4029 1358 4079 neutro
1397 4013 1562 4077 adeo
1612 4015 1708 4076 in-

202 4125 550 4210 scriptioni
586 4116 1116 4183 ΑΤΣΚΛῙΩΝ
1148 4116 1568 4200 suffragante.
1604 4117 1708 4178 Ad

202 4231 378 4291 haec
414 4248 574 4309 aper
612 4238 678 4287 et
717 4225 892 4313 spica
930 4223 1065 4307 typi
1104 4234 1253 4283 sunt
1288 4219 1464 4283 obvii
1494 4219 1560 4280 in
1593 4240 1712 4281 nu-

205 4330 337 4392 mis
372 4332 699 4412 Arporum
740 4326 1036 4409 Apuliae.
1093 4327 1227 4387 Res
1272 4323 1446 4415 adeo
1501 4323 1710 4390 omnis

3247 615 3347 686 15*

1830 756 2041 821 adhuc
2077 759 2270 842 plane
2309 771 2407 821 est
2441 756 2708 821 incerta.
2769 762 2944 822 Istud
2993 785 3190 826 unum
3239 788 3321 828 ex
3393 746 3401 758 ⁶

1829 860 1950 923 hac
2003 860 2247 923 Sestini
2300 861 2748 946 disquisitione
2795 863 2951 925 boni
2992 868 3162 945 nacti
3223 890 3340 930 su·-

1828 983 2009 1038 mus,
2061 963 2239 1044 quod
2281 984 2401 1027 nos
2444 963 2684 1027 eodem
2735 964 2861 1029 hoc
2904 967 3055 1029 loco
3106 983 3324 1033 certos
3386 962 3394 969 ⁹

1827 1063 2138 1140 reddidit,
2169 1087 2457 1146 numum,
2490 1087 2684 1152 quem
2718 1066 2875 1129 olim
2909 1068 3114 1133 edidit
3144 1073 3327 1153 (Let-

1826 1179 1981 1257 teren
2025 1169 2103 1227 T.
2141 1171 2220 1231 Π.
2268 1190 2332 1252 p.
2363 1171 2472 1250 3),
2526 1183 2594 1231 et
2637 1158 2878 1254 inquo
2925 1171 3155 1255 legere
3201 1173 3326 1235 sibi

1827 1268 2004 1332 visus
2044 1280 2144 1329 est
2177 1264 2779 1345 ATPTNKQM,
2824 1270 3015 1352 hujus
3062 1294 3321 1358 quoque

1828 1368 2041 1432 rideri
2092 1389 2238 1432 esse
2285 1371 2545 1449 Asculi,
2598 1390 2730 1436 non
2777 1392 2938 1436 vero
2987 1374 3326 1440 Aurunco-

1828 1494 1976 1533 rum
2014 1471 2185 1534 Latii
2216 1473 2298 1555 ⁸).
3247 1484 3252 1491 ’

2454 1659 2527 1720 P.
2564 1667 2700 1733 144.

1961 1775 2031 1837 Si
2076 1796 2309 1843 verum
2361 1790 2496 1852 est,
2559 1776 2739 1860 quod
2782 1778 3080 1841 nonnulli
3120 1783 3325 1866 conji-

1828 1876 2029 1955 ciunt,
2056 1879 2253 1940 simili
2284 1893 2436 1962 typo
2468 1879 2534 1939 in
2568 1879 2780 1941 numis
2817 1882 3320 1946 Tarentinorum

1827 1981 2108 2062 proponi
2138 1980 2571 2044 Phalanthum
2607 1982 3027 2065 Spartanum,
3065 1999 3138 2046 ut
3174 2007 3326 2048 mox

1827 2079 1996 2142 infra
2033 2081 2101 2142 in
2136 2082 2238 2143 his
2285 2082 2696 2158 docebimus,
2754 2084 2950 2147 facile
2996 2084 3328 2164 dabimus,

1829 2182 2062 2247 eadem
2110 2185 2394 2268 imagine
2441 2184 2511 2245 in
2553 2185 3117 2249 Brundusinorum
3168 2210 3326 2273 quo-

1831 2306 1959 2370 que
2010 2301 2274 2350 mone-ta
2319 2286 2609 2349 effictum
2662 2287 3129 2369 Phalanthum3
3177 2314 3329 2353 nam

1827 2387 1937 2450 hic
1971 2401 2138 2452 teste
2176 2389 2420 2451 Iustino
2459 2390 2569 2469 (L.
2599 2391 2706 2452 111.
2737 2408 2791 2450 c.
2813 2390 2884 2469 4)
2914 2411 3038 2474 per
3067 2392 3331 2458 seditio·

1830 2509 1981 2550 nem
2014 2512 2049 2551 a
2082 2491 2453 2552 Tarentinis
2494 2491 2561 2551 in
2604 2489 2872 2553 exilium
2907 2495 3325 2576 proturbatus

1830 2590 2271 2655 Brundusium
2310 2614 2382 2655 se
2417 2593 2712 2659 contulit.

2159 2780 2251 2842 'P.
2281 2781 2420 2857 145.
2461 2781 2586 2842 col.
2622 2803 2675 2845 ι.
2719 2780 2837 2843 lin.
2866 2797 2970 2846 so.

1958 2900 2045 2959 At
2078 2919 2207 2961 non
2243 2900 2356 2964 illa
2389 2900 2665 2985 amplius
2700 2900 2863 2963 mira
2897 2900 3191 2980 videtur,
3240 2925 3324 2967 ex

1829 3020 1958 3082 quo
1993 3002 2432 3084 Cousineryus
2468 3003 2822 3066 certiorem
2871 3024 2975 3067 me
3013 3004 3322 3083 reddidit,

1824 3100 2000 3162 hunc
2051 3103 2263 3185 ipsum
2310 3105 2577 3166 Sestinii
2621 3127 2927 3180 numum,
2983 3107 3094 3187 qui
3146 3130 3321 3171 nunc

1823 3220 2030 3281 penes
2073 3223 2145 3264 se
2196 3216 2330 3279 est,
2380 3224 2542 3287 opus
2590 3225 2736 3268 esse
2786 3206 3031 3267 falsarii
3073 3207 3321 3271 Osman

1824 3302 1966 3383 Bey
1997 3302 2078 3365 ab
2114 3303 2340 3370 infami
2377 3304 2498 3368 hac
2538 3320 2677 3369 arte
2703 3305 2864 3368 satis
2905 3308 3170 3390 cogniti.

1868 3491 1942 3554 P.
1971 3485 2111 3566 146.
2140 3489 2265 3554 col.
2291 3511 2344 3553 ι.
2376 3491 2494 3553 lin.
2518 3507 2598 3574 29
2635 3504 2792 3572 post
2825 3494 3290 3557 crederent.-

1953 3652 1972 3684 ,
2014 3608 2368 3693 praecipue
2406 3610 2580 3694 quod
2611 3611 2709 3672 illi
2739 3625 2886 3696 post
2913 3626 3190 3676 mortem
3227 3614 3321 3675 ‹li-

1820 3710 2007 3775 vinos
2044 3711 2334 3775 honores
2371 3713 2571 3776 fuisse
2609 3712 2860 3778 habitos
2897 3727 3175 3779 testetur
3215 3719 3316 3778 Iu-

1822 3813 2047 3877 stinus.
2085 3815 2196 3896 (L.
2226 3818 2334 3879 111.
2367 3836 2424 3879 c.
2455 3818 2555 3897 4.)

1937 4002 2009 4062 Ρ.
2038 4000 2177 4075 146.
2214 4001 2338 4065 col.
2366 4020 2424 4066 2.
2463 4005 2582 4069 lin.
2613 4002 2686 4068 13
2718 4020 2873 4088 pose
2908 4011 3204 4089 refert.

1951 4119 2085 4182 Sed
2116 4120 2267 4184 vide
2300 4122 2523 4201 etiam,
2571 4142 2734 4209 quae
2766 4122 2987 4206 paullo
3024 4125 3214 4186 altius
3250 4125 3317 4185 in

1824 4220 2036 4285 numis
2068 4224 2420 4288 Brundusii
2453 4225 2698 4288 monui.

292 4582 357 4650 a)
397 4574 574 4634 Nulla
607 4585 797 4629 tamen
830 4573 905 4629 de
936 4573 1102 4629 hisce
1134 4573 1326 4628 numis
1360 4572 1557 4628 adhuc
1588 4571 1820 4648 prolata
1847 4573 2134 4628 sententia
2163 4584 2270 4641 est,
2310 4594 2460 4651 quae
2488 4577 2672 4652 magis
2703 4578 3077 4652 probaretur.
3115 4575 3322 4653 Itaque

205 4668 424 4725 Asculi
451 4665 648 4742 potius
670 4704 685 4732 ,
723 4682 899 4740 quam
929 4661 1246 4737 Dysceladi
1274 4661 1434 4738 Illyr.
1470 4662 1692 4718 insulae
1724 4682 1853 4718 esse
1886 4663 2177 4723 videntur.
2217 4665 2529 4742 Inscriptio
2558 4656 2940 4729 AVPVFK
2967 4699 2990 4712 ·
3015 4699 3038 4712 ·
3064 4698 3087 4712 -
3112 4666 3336 4742 legitur

205 4756 465 4837 quidem
502 4757 564 4813 in
599 4774 777 4811 numo
816 4752 1037 4808 inedito
1076 4752 1261 4808 Musei
1302 4753 1469 4810 Caes.
1498 4754 1644 4830 ch.
1674 4774 1881 4811 verum
1927 4757 2053 4831 ejus
2094 4766 2270 4832 typus
2312 4755 2485 4812 distat
2516 4753 2590 4811 ab
2627 4776 2806 4814 numo
2842 4777 2871 4813 a
2903 4758 3137 4816 Sestino
3173 4759 3326 4834 pub-

128 4916 140 4927 ·
207 4852 416 4906 licam.
