4388 5576
1386 491 2444 597 ΡΞΙἋῙῙ)ΟΜΟΝΕΤΑ.Ἴ

344 682 797 749 modavernnt.
881 677 1190 763 Denique
1236 677 1347 742 vel
1394 698 1561 742 unns
1615 676 1670 740 is
1718 699 1835 740 nn·

344 807 520 862 mus,
580 785 696 870 qui
749 784 816 844 in
873 782 1083 845 antica
1139 779 1337 844 habet
1391 793 1584 862 eaput
1625 780 1835 843 Nero·

344 889 485 961 nis,
570 884 639 947 in
727 904 953 947 aversa
1033 882 1403 945 Faustinam
1486 882 1835 997 juniorem,

345 1009 546 1075 quem
600 986 921 1072 descripsi
959 1005 1156 1067 supra
1202 1004 1339 1067 cap.
1377 986 1487 1045 111.
1531 988 1584 1059 §.
1620 960 1698 1056 5,
1745 1007 1843 1048 sa·

340 1093 428 1155 tis
480 1104 629 1175 per
653 1109 725 1152 se
773 1086 1044 1173 probat,
1108 1106 1260 1148 eum
1313 1106 1591 1149 numum·
1633 1086 1839 1170 impe-

345 1206 598 1257 rantes.
566 1194 834 1256 Nerone
878 1189 1120 1271 signari
1163 1206 1295 1251 non
1343 1188 1652 1271 potuisse.
1739 1189 1838 1252 lo-

234 1346 247 1361 .
347 1294 522 1357 berti
571 1291 931 1368 sententia,
994 1310 1158 1376 quae
1211 1275 1657 1353 conterniatos
1707 1288 1834 1374 jam

343 1397 654 1463 Gallieno
694 1392 1107 1476 imperante
1118 1412 1308 1456 cusos
1360 1379 1664 1474 conjicit,
1708 1392 1837 1475 jans

349 1522 386 1563 a
434 1495 749 1559 Bimardo
798 1494 1076 1563 refutata
1126 1507 1226 1558 est
1269 1494 1364 1575 ⁸),
1443 1513 1661 1578 neque
1709 1495 1839 1577 jam

353 1602 585 1685 digna,
630 1612 769 1683 'qua
830 1596 1169 1660 refutanda
1227 1593 1841 1678 amplius·occupe·

342 1722 519 1764 mur.
564 1697 776 1782 Magis
804 1698 1095 1762 sobrium
1120 1694 1415 1759 morellii
1442 1708 1506 1757 et
1531 1698 1845 1760 Mahude·

350 1803 426 1863 lii
474 1799 977 1884 judicium‚.qui
1025 1798 1200 1862 istud
1237 1802 1582 1861 numerum
1634 1818 1843 1881 genus

274 1960 279 1965 ,
349 1904 601 1967 circum
668 1902 1073 1965 Constantini
1125 1904 1219 1965 M.
1285 1914 1583 1984 tempora
1652 1898 1843 1963 feriri

349 2000 694 2089 coeptum,
779 2016 850 2068 et
914 2022 1039 2087 per
1113 2001 1415 2090 proxime
1486 1996 1841 2091 sequentes

589 2281 625 2307 0

3282 519 3421 583 311

1943 669 2378 762 imperatores
2440 695 2645 763 nsque
2705 676 2787 743 atl
2833 678 2969 743 Pla.
3027 658 3432 751 Valentinia-

1945 802 2101 845 num
2144 780 2587 844 continuatum
2630 780 3022 862 adseruere,
3066 786 3132 846 in
3174 807 3307 870 quo
3336 801 3430 873 to·

1908 884 1911 885 ⁷
1946 895 2082 945 tum
2119 882 2675 946 centorniatornm
2717 904 2951 968 agmen
2986 884 3133 951 fere
3173 888 3434 955 desinit.

1949 986 2054 1047 De
2107 986 2562 1068 Havercampo
2607 999 3042 1071 praeceptore
3096 990 3261 1054 nihil
3313 1003 3435 1067 est,

1951 1085 2127 1171 quod
2177 1106 2575 1163 memorem,
2616 1109 2765 1150 nam
2809 1087 2935 1150 etsi
2981 1072 3126 1172 ipse
3166 1091 3440 1157 arbitre-

1948 1200 2079 1263 tur,
2116 1208 2345 1250 eorum
2376 1189 2623 1251 natales
2648 1188 2820 1252 intra
2846 1190 3057 1274 ipsum
3089 1192 3255 1255 illud
3279 1208 3443 1257 tem·

1950 1311 2104 1375 pus,
2140 1291 2317 1374 qued
2352 1289 2554 1354 modo
2584 1290 2952 1375 designavi,
2991 1298 3444 1380 constringen-

1954 1392 2108 1464 dos,
2154 1405 2369 1455 tamen
2406 1393 2596 1455 solita
2634 1413 2748 1456 sna
2778 1395 3207 1460 inconstantia
3229 1398 3441 1465 ,variis

1952 1512 2076 1577 per
2113 1512 2277 1577 opus
2324 1513 2520 1556 snam
2559 1494 2723 1557 locis
2762 1494 2856 1558 sic
2891 1495 2976 1559 de
3020 1514 3250 1560 eorum
3294 1515 3446 1564 ortu

1954 1583 2251 1671 disserit,
2298 1608 2368 1657 nt
2398 1594 2553 1659 satie
2588 1608 2925 1679 appareat,
2968 1599 3210 1664 multos
3242 1598 3448 1685 impe·

1956 1697 2316 1772 tatoribus,
2352 1717 2628 1780 quorum
2660 1697 3012 1782 imaginem
3041 1700 3448 1784 praeferunt,

1956 1797 2363 1880 synchronos
2393 1797 2493 1857 illi
2522 1797 2725 1862 fnisse
2752 1798 3070 1879 creditos,
3101 1802 3281 1884 quod
3310 1804 3450 1886 qui·-

1957 1899 2109 1962 dem
2159 1913 2388 1983 aperte
2431 1898 2499 1960 in
2548 1899 2959 1964 dedicatione
3008 1904 3260 1990 operis,
3304 1919 3444 2000 tum

1957 1986 2153 2068 etiam
2197 2020 2345 2088 pag.
2379 2008 2464 2084 4q
2501 2014 2571 2072 et
2606 2001 2691 2068 80
2725 2002 2964 2073 statuit,

1570 2325 2038 2390 1:24er
2115 2327 2193 2390 V.

1286 2523 1445 2586 ·De
1500 2543 1655 2587 usn
1709 2526 2480 2588 contorniatorum.

479 2715 587 2782 Ad
625 2717 802 2785 hunc
859 2716 1035 2804 qnod
1093 2716 1360 2795 attinet,
1415 2704 1635 2786 video
1667 2720 1844 2785 int'er

357 2841 589 2887 omnes
638 2822 1044 2901 convenire,
1109 2823 1553 2884 contomiatos
1618 2843 1846 2887 mone-

356 2935 463 2986 tae
510 2922 778 2987 modum
826 2943 901 2987 ac
941 2922 1298 3008 potentiam
1344 2943 1474 2985 non
1520 2922 1845 3002 habuisse,

342 3024 662 3089 ‘nimirum
702 3025 879 3109 quod
915 3037 1011 3088 tot
1046 3024 1295 3099 modis,
1335 3046 1506 3109 qnos
1550 3026 1763 3110 capite
1799 3030 1850 3090 Ι.

354 3126 715 3212 descripsi,
759 3149 797 3188 a
826 3138 1088 3188 moneta
1121 3124 1447 3187 ordinaria
1483 3125 1849 3191 differrent.

358 3229 583 3292 Facile
616 3229 816 3291 etiam
855 3228 1030 3289 inter
1065 3245 1293 3290 omnes
1330 3227 1671 3301 convenit,
1715 3246 1850 3290 non

358 3329 562 3392 fuisse
624 3349 741 3393 eos
795 3329 1181 3392 ‘auctoritate
1240 3325 1497 3410 publiea
1543 3326 1849 3418 signatos,

274 3483 285 3490 .
353 3430 482 3495 sed
540 3430 836 3493 instituto
896 3429 1335 3512 privatorum,
1381 3427 1849 3512 hominumque

360 3552 446 3595 ex
505 3530 702 3615 plebe
760 3550 987 3611 parum
1047 3528 1493 3606 eruditorum,
1555 3546 1706 3590 cum
1758 3542 1852 3611 ty-

340 3652 478 3718 pos
514 3632 580 3692 in
618 3630 699 3693 iis
737 3628 1041 3694 viderent
1071 3630 1463 3714 plerumque
1499 3650 1582 3694 ex
1616 3628 1851 3692 humili

359 3734 624 3796 fortuna
694 3743 955 3819 captos,
1024 3734 1392 3796 consociata
1461 3746 1716 3795 temere
1776 3753 1853 3797 ac

358 3834 671 3913 fortuito,
731 3853 901 3918 quae
947 3833 1186 3902 'natura
1239 3847 1388 3899 sunt
1431 3834 1854 3917 disjunctissi-

359 3957 494 4012 ma‚
558 3949 628 3999 et
686 3955 819 3998 non
879 3934 1249 4020 frequentia
1309 3936 1545 4011 modo,
1605 3934 1726 3999 sed
1783 3947 1853 3998 et

363 4035 696 4102 abnormia
737 4038 806 4099 in
848 4037 1362 4122 orthographiae
1405 4029 1665 4123 legibus
1701 4056 1854 4123 peo-

363 4152 535 4216 ωηο,
598 4159 763 4221 quae
824 4139 1007 4204 lutee
1064 4139 1260 4202 etiam
1305 4129 1854 4206 aevo'auctorita-

360 4253 499 4304 tem
541 4241 869 4325 publicam
914 4240 1391 4322 diffiterentur,
1449 4256 1518 4306 et
1574 4263 1853 4329 quornm

340 4340 717 4424 aspecimina
754 4344 967 4428 eapite
1003 4356 1321 4460 sequente
1359 4343 1687 4428 colligam.
1732 4345 1854 4407 Est

356 4441 428 4501 in
485 4460 714 4506 museo
780 4445 1094 4528 principis
1161 4445 1248 4508 de
1305 4445 1633 4510 Waldeck
1699 4465 1855 4511 con·

426 4766 493 4837 a)
531 4761 612 4822 ad
647 4764 773 4824 Iob.
811 4766 977 4822 Tum.
1016 4763 1239 4844 Ispag.
1276 4773 1364 4829 87.

1952 2710 2277 2783 tbrniatns
2321 2716 2625 2803 Traiani,
2679 2716 2755 2779 in
2797 2712 2982 2802 cujus
3024 2735 3254 2785 aversa
3297 2729 3457 2784 sunt

1958 2819 2091 2884 dno
2163 2821 2418 2906 equites
2486 2840 2638 2884 cnm
2715 2820 2918 2885 hastis
2994 2816 3455 2898 decurrentes,
3536 2812 3548 2822 ⁹

1960 2921 2210 3005 scripto
2267 2922 2437 2986 infra
2493 2925 2563 2989 S.
2608 2924 2682 2989 G.
2747 2918 2952 2985 ‘Alios
3012 2941 3160 2988 eum
3216 2921 3459 2986 iisdem

1959 3024 2135 3088 notis
2191 3022 2348 3085 dedi
2402 3045 2594 3108 supra
2640 3026 2692 3100 ξ.
2726 3023 2807 3093 V.
2891 3023 3114 3088 Nolim
3173 3024 3316 3109 quis
3368 3043 3461 3087 ex

1961 3123 2065 3185 his
2126 3122 2310 3205 siglis
2371 3138 2637 3207 arguat,
2697 3124 2819 3187 hos
2875 3144 3111 3188 numos
3173 3138 3465 3187 senatus·

1962 3223 2267 3286 consulto
2311 3223 2512 3287 fuisse
2552 3226 2870 3306 signatos,
2913 3224 3033 3288 sed
3074 3228 3291 3309 potius
3336 3226 3461 3288 hos
3551 3267 3560 3272 »

1965 3323 2430 3388 decursionum
2491 3338 2681 3409 typos
2744 3346 2829 3390 ex
2896 3328 3111 3389 nnmis
3168 3319 3458 3402 Neronis

1962 3443 2098 3488 non
2155 3424 2421 3488 omissis
2475 3426 2687 3489 <etiam
2746 3426 2851 3490 his
2911 3425 3126 3510 siglis,
3190 3426 3455 3513 petitos.

1942 3526 2270 3611 Denique
2326 3547 2477 3590 cum
2529 3528 2838 3593 viderent'
2885 3529 3160 3608 eruditi,
3205 3528 3462 3612 pleros·

1962 3649 2093 3714 que
2144 3641 2341 3712 typos
2398 3643 2624 3715 captos
2680 3651 2767 3695 ex
2822 3631 3050 3695 studiis
3104 3630 3459 3709 athleticis,
3515 3651 3516 3654 ¹

1964 3751 2042 3793 ac
2107 3730 2549 3820 circensibus,
2625 3731 2823 3797 facile
2883 3753 3162 3797 sanxere
3223 3752 3458 3797 eorum

1964 3833 2301 3919 plerique,
2361 3834 2524 3897 circi
2562 3848 2638 3898 et
2679 3856 2918 3914 arenae
2961 3836 3182 3900 usibus
3223 3854 3462 3898 numos

1966 3934 2087 3998 hos
2147 3934 2355 3999 fuisse
2428 3936 2805 4003 destinatos.
2894 3938 3227 4005 circensia
3301 3956 3460 4001 sane

1967 4036 2178 4106 studia
2234 4037 2632 4122 eloquantur
2685 4041 2889 4107 efficti
2932 4043 2999 4105 in
3041 4041 3146 4103 his
3190 4040 3460 4124 agitate-

1966 4157 2078 4203 res
2163 4139 2505 4223 adscriptis
2607 4142 3001 4227 plerumque
3084 4139 3459 4203 nominibus

1966 4240 2303 4326 quadrigis
2356 4241 2488 4304 suis
2543 4242 2823 4322 invecti,
2881 4255 2989 4331 aut
3035 4261 3265 4305 eorum
3307 4258 3461 4324 pro·
3531 4243 3544 4248 “

1967 4357 2220 4422 tome,
2282 4344 2438 4425 eqni
2494 4343 2809 4421 victores,
2870 4343 3161 4429 pugiles,
3220 4342 3460 4405 bestia-

1964 4444 2082 4525 rii,
2182 4445 2599 4522 venationes,
2697 4444 2953 4530 palmae
3036 4442 3459 4511 victoriarum
