4388 5576
1056 570 1215 644 AD
1277 569 1852 655 VOLVMEN
1900 573 2596 657 SECVNDVM.

250 703 614 800 'cedoniam
655 738 912 816 invitat,
957 735 1046 802 'in
1087 761 1212 825 qua
1254 755 1507 808 constat
1547 732 1751 810 fuisse

273 838 582 922 oppidum
616 837 782 902 Cissi
808 840 1096 936 nomine.

395 940 768 1025 Resadhuc
792 941 983 1024 plane
1017 940 1268 1048 ineerta
1301 945 1580 1014 videtwr.

534 1128 610 1188 P.
636 1131 783 1206 477.
814 1126 941 1188 col.
966 1147 1023 1192 ι.
1043 1140 1204 1209 post
1232 1128 1355 1194 lin.
1382 1151 1406 1189 ι
1425 1152 1479 1191 ι.

389 1240 572 1304 Idem
633 1245 928 1308 Sestinus
1015 1246 1226 1309 serius
1285 1246 1415 1328 jam
1464 1249 1748 1334 ⁴vulgatis

264 1342 488 1423 plures
518 1357 899 1408 autonomos
932 1346 1094 1408 alios
1128 1347 1388 1428 adjecit.

321 1525 396 1588 P.
424 1528 572 1599 485.
605 1532 730 1594 col.
766 1547 827 1597 2.
868 1533 988 1595 lin.
1007 1552 1072 1612 7.
1097 1544 1256 1613 post
1288 1533 1709 1615 Augusti.-

390 1665 520 1728 quo
579 1646 777 1711 modo
838 1662 907 1712 et
950 1648 1147 1712 alium
1188 1669 1339 1713 oum
1380 1651 1593 1733 capit‘e
1638 1652 1752 1718 Vi-

264 1745 431 1809 tellii
497 1748 578 1810 ab
655 1749 891 1814 eodem
970 1764 1237 1814 auctore
1297 1752 1544 1815 editum
1600 1775 1752 1836 per-

250 1849 655 1932 stringemus
700 1852 780 1912 ⁴in
820 1850 1159 1914 Addendis
1200 1851 1283 1915 ad
1327 1855 1591 1924 Volum.
1635 1857 1747 1922 VI.

262 1948 485 2033 P·3¹9·

605 2139 678 2200 P.
712 2135 858 2200 500.
891 2139 1017 2204 col.
1043 2154 1104 2202 2.
1134 2139 1252 2202 liu.
1284 2138 1407 2203 ult.

381 2256 601 2336 Payne
662 2256 728 2316 in
772 2255 897 2318 hoe
939 2278 1171 2335 numo,
1230 2271 1347 2322 ‘aut
1389 2259 1586 2322 simili
1626 2281 1746 2322 suo

257 2354 421 2438 legit
494 2352 1067 2437 NssDIKHRD„
1157 2361 1281 2423 etsi
1357 2361 1745 2438 iconismus‚

257 2475 455 2539 quem
513 2456 642 2524 tab.
682 2460 731 2524 I.
775 2459 988 2535 dedit,
1055 2480 1190 2522 non
1235 2462 1385 2525 satis
1429 2462 1499 2524 in
1543 2464 1746 2527 omni-

254 2555 376 2619 bus
417 2556 631 2621 literis
672 2560 1123 2644 adstipuletur.
1631 2645 1637 2653 η

381 2659 546 2722 Cum
573 2661 735 2723 haec
771 2683 898 2725 vox
918 2708 935 2737 ,
976 2663 1098 2741 ait,
1130 2662 1296 2726 nihil
1328 2666 1563 2737 habeat
1594 2662 1747 2729 adfi-

252 2782 338 2826 ne
378 2781 527 2826 cum
574 2760 794 2845 lingua
832 2764 1116 2844 Graeca,
1171 2767 1338 2830 hane
1380 2767 1746 2853 inscriptio-

250 2885 403 2927 nem
455 2863 776 2929 existimat
833 2887 978 2931 esse
1031 2869 1397 2951 mysticam,
1458 2869 1764 2934 ductam-⁴

253 2986 382 3048 que
419 2986 502 3028 ex
534 2966 829 3031 obsoleta
863 2969 1136 3051 quadam
1167 2971 1472 3036 dialectO.
1512 2975 1584 3033 In
1608 2972 1741 3036 alio

254 3066 493 3142 simili,
538 3087 733 3150 quem
774 3069 919 3148 ipse
972 3070 1129 3130 vidit
1170 3071 1234 3130 in
1280 3092 1510 3133 museo
1563 3073 1739 3155 regis

249 3165 644 3243 Galliarum,
677 3168 841 3249 legit
869 3164 940 3228 N
943 3166 1316 3244 ΟΙΑΤΞῚ,
1347 3170 1524 3254 quod
1552 3194 1742 3235 voca·-

196 3269 201 3272 ’
249 3268 478 3329 bulum
522 3268 886 3349 suspicatur
929 3288 1073 3331 esse
1121 3270 1477 3352 genitivum
1521 3272 1737 3354 plura-

249 3368 385 3431 lem
420 3391 457 3431 a
493 3363 827 3445 ΡΕΤΗΣ,
869 3382 1061 3453 atque
1101 3369 1340 3433 iterum
1371 3375 1732 3455 mysticum.

248 3471 431 3534 Proh
464 3491 665 3555 nugas
710 3470 1044 3553 mysticas!
1089 3472 1262 3542 Vide
1293 3473 1455 3538 haee
1491 3477 1561 3537 in
1596 3478 1739 3560 ejus

246 3571 665 3652 Analyttcal
688 3574 909 3655 Essay
935 3594 1001 3657 p.
1028 3575 1122 3637 18.
1170 3575 1481 3639 Ceterum
1520 3579 1738 3642 existi-

245 3695 392 3751 mo,
434 3673 871 3758 posteriorem
901 3674 1074 3739 huno
1108 3698 1373 3740 numum
1402 3700 1546 3743 esse
1579 3702 1734 3744 eun-

232 3776 430 3853 dem,
475 3776 542 3838 in
586 3797 715 3861 quo
757 3777 1155 3843 Pellerinius
1186 3780 1429 3867 ¹legere
1475 3782 1601 3845 sihi
1640 3785 1734 3851 vi-

228 3899 352 3942 sus
379 3891 479 3943 est
506 3872 949 3942 ΛΕΣΒΙΟΝ.

550 4127 557 4154 ,ἢ
607 4066 675 4127 Ρ.
696 4062 845 4128 505.
872 4066 997 4126 ool.
1029 4088 1082 4131 ι.
1117 4068 1235 4130 lin.
1259 4076 1362 4144 24.

353 4183 637 4246 Moleste
673 4184 844 4263 fero,
873 4207 1039 4271 quae
1074 4185 1203 4251 hoo
1232 4186 1384 4250 loco
1414 4185 1727 4266 dixeram,

236 4301 394 4348 esse
447 4285 1130 4374 irrita,.dnumumque
1195 4301 1326 4376 tam
1384 4292 1732 4373 ⁴praeclare

202 4385 669 4462 vhistoricum,
731 4388 986 4451 sir-talis
1043 4404 1252 4468 esset,
1306 4391 1516 4475 qualis
1560 4391 1734 4454 fere·

200 4545 203 4548 ,
239 4486 473 4564 hatur,
531 4486 723 4550 aliter
766 4490 1239 4571 explicandum.
1297 4493 1517 4555 Alium
1559 4494 1734 4558 simi-

241 4588 418 4663 lem,
460 4602 527 4651 et
568 4590 774 4674 magis
799 4590 1144 4674 integrum
1187 4593 1255 4654 in
1299 4615 1525 4661 museo
1567 4598 1733 4660 Cou-

244 4689 591 4772 sineryano
634 4691 886 4776 reperit
930 4692 1244 4759 Sestinus.
1311 4699 1612 4779 (Lettere
1652 4702 1731 4763 Τ.

240 4794 327 4857 V.
361 4814 423 4874 p.
454 4791 655 4876 LXI.)

3277 620 3370 685 31

1989 743 2521 818 APXEAAOC.
2636 755 2852 839 Caput
2945 763 3364 857 Agyippt'nae

1864 867 2034 924 sen„
2079 867 2249 930 prae
2290 869 2417 928 quo
2462 850 2674 920 ΘΕΑ.
2720 854 2769 916 ae
2812 854 3358 939 ΘΕΟΦΑΝΗΟ,

1873 949 2091 1029 Caput
2156 947 2551 1016 Germanici
2623 960 2906 1036 nudum,
2993 986 3160 1044 prae
3234 993 3361 1052 quo

1869 1043 2165 1126 OGOC„
2192 1054 2267 1114 in
2300 1073 2460 1116 area
2485 1051 2765 1123 MTTI.
2796 1061 2936 1123 ΑΕ.
2970 1068 3081 1130 ΙΠ.

1918 1172 1921 1175 ·
1987 1151 2174 1235 Ergo
2218 1172 2368 1214 eum
2414 1151 2602 1216 ΘΕΑ
2640 1160 2844 1241 partis
2885 1167 3135 1234 anticae
3193 1174 3368 1238 refe-

1862 1261 2047 1312 ratur
2087 1249 2170 1313 ad
2215 1252 2674 1337 Agrippinam,
2732 1281 3143 1349 consequens
3189 1274 3355 1351 erit,

1864 1372 1935 1410 το
1982 1348 2215 1415 &coc
2258 1356 2461 1436 partis
2503 1378 2771 1424 aversae
2817 1364 3244 1434 referendum
3278 1377 3358 1437 ad

1866 1449 2366 1532 Germanicum,
2439 1478 2573 1520 non
2649 1460 2730 1522 acl
2795 1459 3388 1555 &eo‹1›ANHC,'

1867 1551 1979 1634 qui
2006 1552 2088 1629 in,
2109 1555 2237 1618 hoe
2269 1575 2504 1636 numo,
2569 1581 2698 1624 non
2730 1565 2945 1629 minus
2980 1583 3173 1656 atque
3207 1575 3364 1637 AP-

1862 1649 2279 1734 XGAAOG‚
2366 1674 2466 1722 est
2525 1664 2955 1747 magistratus.
3033 1674 3156 1751 ,Ex
3218 1677 3384 1740 aliis.

1866 1754 2408 1834 Mytilenaeorum
2454 1767 2667 1828 numis
2710 1770 2861 1832 satis
2913 1787 3195 1851 constat,
3239 1775 3357 1843 hos

1865 1855 2261 1923 Germanico
2326 1875 2398 1923 et
2440 1868 2630 1927 uxori
2675 1870 2863 1934 valde
2907 1873 3111 1939 fuisse
3158 1875 3355 1944 devo·

1862 1970 1999 2041 tos,
2068 1973 2136 2022 et
2192 1975 2539 2047 utrumque
2604 1969 2816 2034 adhuc
2861 1973 3081 2040 vivum
3127 1998 3353 2044 conse-

1865 2079 2106 2125 crasse.
2164 2058 2435 2127 In'terim
2496 2084 2750 2132 certum
2796 2087 2939 2152 -est,
3023 2078 3092 2140 in
3152 2102 3350 2146 numo

1832 2160 2354 2228 '’Neumanniano
2443 2170 2780 2236 manifeste
2869 2177 3009 2262 legi
3076 2180 3357 2246 ΑΡΧΕ-

1863 2258 2080 2325 ΔΑΜ
2109 2299 2136 2312 -
2162 2300 2190 2316 -
2224 2287 2357 2330 non
2389 2268 2934 2337 ΑΡΧΕΛΑΟΣ.

2223 2454 2302 2518 P.
2333 2451 2480 2537 519.
2509 2457 2636 2521 col.
2680 2480 2731 2523 1.
2760 2458 2879 2524 lin.
2912 2478 3008 2544 19.

1986 2563 2334 2632 deleantur
2390 2572 2629 2636 verba:
2693 2579 2769 2638 in
2825 2600 3025 2643 numo
3085 2582 3360 2657 Traiani
3392 2614 3406 2633 .

1857 2662 2410 2736 ΚΟΤΣΙΝΙΟΣ.
2471 2671 2531 2736 Γ
2535 2674 2677 2741 ΡΑ.
2734 2677 2880 2742 ΤΟ.
2932 2678 3013 2745 Δ.
3081 2682 3351 2748 Causam

1861 2767 2168 2835 continuo
2200 2768 2512 2839 dabimus.
2529 2776 2540 2786 '

2277 2951 2449 3025 Ibid.
2471 2974 2628 3044 post
2658 2965 2784 3031 lin.
2816 2975 2922 3042 24.

1980 3075 2268 3157 Propter
2327 3079 2532 3142 varias
2593 3060 2813 3147 eausas
2877 3072 3347 3152 describendus

1855 3193 2088 3235 numus
2127 3196 2448 3259 sequens:

1989 3274 2230 3355 Capita
2309 3278 2551 3358 jugata
2647 3282 2919 3344 Claudii
3008 3285 3181 3353 laur.
3282 3303 3353 3351 et

1859 3372 2308 3460 Agrippinae.
2389 3375 2438 3436 ἶ
2493 3375 3046 3448 ΚΟΤΣΙΝΙΟΣ.
3107 3381 3191 3451 ‘fx
3264 3387 3348 3455 Δ.

1848 3466 2077 3538 ΕΦΕ.
2147 3479 2390 3540 Cervus
2456 3493 2668 3550 stans.
2745 3486 2888 3551 AE.
2934 3487 3041 3548 ΙΙΙ.
3090 3489 3347 3572 (Consi-

1850 3592 2053 3655 nery,
2089 3577 2260 3639 Mus.
2287 3577 2512 3662 Caes.)

1976 3677 2225 3739 Numus
2282 3679 2390 3743 hic
2444 3679 2702 3765 pridem
2761 3686 3065 3771 cognitus
3118 3691 3342 3777 inique

1844 3791 2113 3857 semper
2155 3779 2282 3842 fuit
2313 3786 2797 3868 promulgatum
2842 3792 3229 3858 Vaillantius
3272 3796 3345 3857 in

1847 3877 2030 3938 numi
2074 3878 2302 3945 similis
2345 3899 2530 3967 parte
2573 3888 2782 3954 antica
2834 3896 3099 3977 agnovit
3134 3897 3346 3981 capita

1845 3972 2126 4061 Augusti
2184 3996 2253 4044 et
2305 3985 2566 4066 Liviae,
2633 3990 2702 4052 in
2761 3991 2840 4054 =ae=
2903 3996 3068 4081 legit
3122 3998 3345 4066 APX.

1844 4075 2395 4149 ΚΟΤΣΙΝῙΟΣ.
2444 4085 2523 4156 Δ.
2569 4089 2790 4161 ΕΦΕ.
2839 4097 3061 4181 (Num.
3098 4101 3337 4168 Graec.

1822 4183 1912 4261 ΑῙ).
1944 4178 2006 4243 3.
2040 4180 2153 4247 lin.
2184 4186 2332 4270 ult.)
2376 4189 2768 4259 Pellerinius
2812 4197 2878 4259 in
2920 4200 3217 4284 Augusto
3262 4218 3335 4267 et

1846 4278 2033 4344 Livia
2077 4294 2400 4353 consentit
2461 4315 2755 4380 quoque,
2836 4299 2953 4361 sed
2996 4302 3063 4362 in
3108 4324 3338 4369 aversa

1847 4380 2012 4465 legit
2051 4384 2603 4461 ΚΟΤΣΙΝΙΟΣ.
2633 4393 2713 4459 Γ.
2748 4395 2826 4464 Δ.
2858 4395 3078 4464 ΕΦΕ.
3140 4407 3337 4488 (Mel.

1849 4486 1925 4546 11.
1976 4491 2209 4567 p.'·10.)
2286 4494 2607 4561 Nimirum
2658 4514 2921 4563 'certum
2977 4505 3042 4565 T
3096 4527 3244 4569 cum
3307 4534 3339 4570 ο
3461 4521 3468 4524 “

1846 4587 2261 4671 imminente,
2308 4599 2483 4681 quod
2526 4602 2838 4686 scriptum
2881 4620 2998 4670 est
3020 4630 3145 4691 pro
3176 4610 3341 4683 TO.

1849 4687 2095 4773 putavit
2134 4711 2278 4757 esse
2311 4698 2563 4767 literam
2592 4700 2683 4782 Γ,
2721 4728 2960 4802 nempe
2995 4708 3340 4797 ἅρχαωστιν

1776 4879 1799 4907 ⁸
1848 4811 2031 4854 vocis
2079 4790 2505 4905 Feaplua'vevf.
2589 4807 2905 4874 Sestinius
2968 4815 3176 4898 capita
3234 4840 3342 4880 an-
