4388 5576
1046 602 1199 675 AD
1269 595 1843 677 VOLVMEN
1911 593 2408 668 PR‘IMVM.

574 777 646 839 P.
673 775 812 856 ¹7⁵·
848 772 975 837 col.
1002 778 1060 837 1.
1093 773 1223 835 [ἰή.
1250 772 1311 837 3.

326 871 466 941 8Λ.
519 877 732 958 caput
766 877 1035 954 aquilae
1065 886 1428 957 serpentem
1461 884 1679 935 rostro

220 982 548 1060 stringens.
594 975 642 1036 Ξ
677 978 973 1042 Fulmen.
1012 976 1158 1043 AV.
1195 976 1311 1043 IV.

324 1080 654 1147 Hactenus
712 1079 1082 1145 Locrorum
1151 1097 1385 1141 numus
1447 1093 1683 1137 aureus

223 1179 857 1264 dempto.Goltziano
909 1192 1298 1261 conspectus
1349 1197 1480 1237 non
1537 1174 1683 1237 fuit.

215 1283 408 1376 Quem
458 1304 677 1346 coram
714 1274 1055 1358 dedimus,
1105 1279 1317 1343 editus
1360 1291 1462 1341 est
1497 1300 1534 1339 a
1567 1274 1690 1336 Mi-

214 1386 421 1449 chaele
460 1383 695 1444 Ardito
727 1381 1159 1463 Neapolitano
1193 1380 1261 1441 in
1291 1377 1690 1465 dissertatio-

214 1504 308 1561 ne,
334 1481 438 1547 cui
461 1481 714 1545 titulus:
748 1483 1227 1546 Illustrazc’one
1250 1484 1325 1546 di
1349 1504 1439 1542 un
1464 1481 1689 1541 antico

211 1607 351 1648 vaso
381 1596 507 1648 etc.
546 1587 853 1646 Testatur
883 1597 1219 1666 repertum
1244 1602 1458 1666 nuper
1483 1581 1685 1644 fuisse

210 1688 270 1747 in
294 1684 486 1747 ruinis
503 1686 870 1747 Locrorum
888 1684 1133 1749 ltaliae.
1164 1684 1347 1777 Quae
1379 1704 1588 1759 causa,
1612 1702 1685 1745 ac

209 1802 565 1872 praeterea,
599 1786 775 1871 quod
820 1786 1066 1869 aquila,
1105 1799 1173 1848 ct
1222 1785 1475 1846 fulmen
1509 1782 1686 1847 obvii

209 1903 345 1952 sunt
374 1889 441 1949 in
468 1909 701 1951 eorum
736 1902 997 1950 moneta
1024 1888 1197 1970 typi,
1223 1885 1522 1950 dubitare
1552 1905 1686 1946 non

208 1994 444 2068 sinunt,
501 1989 829 2053 cimelium
879 1990 1050 2073 istud
1088 1990 1228 2074 ejus
1272 2008 1416 2051 esse
1459 1985 1689 2070 populi
1732 2033 1737 2037 .

210 2114 357 2175 opus
419 2091 792 2174 putandum.
851 2094 1105 2154 Tamen
1160 2088 1499 2171 inscriptio
1555 2101 1688 2149 tam

209 2208 303 2257 est
339 2194 727 2277 singularis,
775 2206 848 2256 ut
893 2192 1125 2256 dubius
1171 2191 1477 2253 haeream
1522 2190 1686 2272 ipse,

205 2298 353 2382 quid
393 2298 476 2361 de
519 2319 595 2360 ea
640 2296 1048 2359 statuendum
1085 2293 1472 2355 existimem.
1517 2294 1688 2353 Esse

202 2399 692 2484 retrogradam,
763 2394 1174 2459 manifestum
1248 2409 1367 2458 est.
1435 2395 1689 2460 Verum

203 2525 388 2587 quam
435 2501 727 2564 dabimus
773 2490 1127 2583 potentia‘m
1165 2488 1496 2561 elemento
1532 2494 1690 2557 alte-

197 2607 258 2668 ri
297 2602 389 2668 8?
432 2603 740 2671 Vidimus
776 2603 967 2663 attius
1015 2620 1164 2684 pag.
1209 2618 1366 2676 122,
1421 2597 1586 2659 illud
1621 2596 1690 2656 in

200 2706 522 2769 Oscorum
551 2703 897 2788 alphabeto
933 2700 1349 2786 aequivalere
1382 2724 1470 2782 τῳ
1492 2701 1547 2761 F
1583 2698 1689 2762 tel

196 2811 259 2874 V
300 2806 698 2872 consonanti.
748 2804 945 2868 Obvii
981 2818 1129 2867 sunt
1169 2807 1540 2867 Locrorum
1576 2823 1693 2863 nu-

192 2911 285 2972 mi
320 2908 617 2991 inscripti
653 2902 812 2971 AO.
856 2907 946 2968 At
981 2920 1470 2990 praeterquam,
1514 2901 1693 2989 quod.

190 3010 555 3077 verisimile
600 3030 731 3070 non
776 3022 911 3082 est,
960 3010 1287 3070 Oscorum
1332 3007 1575 3069 formas
1624 3006 1694 3065 in

188 3111 546 3174 Graeciam
574 3105 717 3184 M.‚
749 3123 816 3169 et
848 3130 1049 3191 usque
1068 3111 1319 3172 Locros
1348 3107 1697 3189 pertinuis-

192 3233 270 3274 se
300 3256 317 3286 ,
363 3231 496 3295 quo
537 3223 726 3293 pacto
757 3229 878 3291 pro
915 3208 976 3269 Ο
1027 3209 1227 3271 scribi
1273 3220 1529 3289 poterat
1563 3208 1699 3268 ele-

190 3328 528 3386 mentum,
575 3312 751 3394 quod
794 3331 939 3373 cum
983 3310 1044 3373 O
1094 3309 1256 3370 nihil
1312 3308 1507 3371 habet
1550 3304 1721 3369 adii-2

192 3419 335 3479 ne?
379 3448 469 3462 —
507 3415 654 3475 Non
693 3414 966 3473 multum
1010 3411 1376 3475 absimilem
1425 3409 1705 3471 formam

188 3516 362 3580 dedi
396 3535 589 3598 supra
634 3515 703 3573 in
747 3515 1250 3596 Prolegomenis
1296 3512 1589 3597 general.
1635 3533 1707 3594 p.

184 3620 342 3694 CL,
389 3638 623 3682 verum
655 3628 1150 3699 praeterquam,
1196 3615 1372 3699 quod
1419 3615 1532 3678 illa
1570 3635 1705 3677 non

184 3723 301 3796 0,
338 3721 461 3781 sed
508 3715 632 3779 OT
677 3717 995 3800 significat
1020 3761 1040 3793 ,
1098 3715 1276 3800 quod
1314 3713 1461 3779 cum
1502 3715 1697 3778 solito

177 3815 626 3885 ΛΟΚΡΩΝ
691 3819 1055 3883 consistere
1130 3817 1357 3900 nequit
1386 3862 1403 3894 ,
1478 3837 1702 3880 mono-

178 3945 510 4010 gramma
569 3917 745 3983 istud
816 3939 981 3981 aevo
1047 3931 1177 3981 tam
1245 3936 1540 3997 remoto,
1594 3920 1704 3984 cui

168 4046 520 4113 praesens
554 4043 786 4085 numus
823 4020 1138 4098 debetur,
1191 4042 1325 4085 non
1373 4021 1705 4105 competit.

166 4132 301 4192 An
346 4128 421 4188 in
459 4146 658 4187 numo
697 4140 827 4188 tam
869 4122 1090 4207 exigui
1125 4123 1507 4201 voluminis,
1553 4144 1708 4207 ope-

170 4231 437 4310 risque
499 4242 631 4290 tam
699 4226 962 4289 delicati
1020 4225 1191 4289 aliud
1240 4226 1402 4288 vidit
1450 4225 1543 4300 is,
1597 4225 1707 4308 qui

172 4330 613 4395 delineavit?
669 4330 835 4390 Rem
886 4327 1076 4392 nobis
1136 4342 1383 4412 gratam
1441 4328 1710 4391 fecisset

164 4431 513 4499 eruditus
545 4449 785 4512 praeco
806 4473 823 4506 ,
860 4430 915 4491 si
941 4429 1022 4493 ad
1046 4451 1189 4493 rem
1225 4431 1391 4494 adeo
1425 4430 1710 4492 insolen-

3202 608 3290 671 1³2

1766 768 1933 828 'tem
1966 763 2182 847 aliqua
2219 760 2411 824 nobis
2451 758 2533 821 de
2569 778 2688 822 suo
2739 757 3083 824 observata
3117 759 3294 823 addi-

1799 864 2036 941 disset,
2083 883 2249 948 quae
2283 861 2550 924 dubium
2607 880 2799 923 omne
2838 861 3288 943 dispellerent.

1797 970 2030 1050 Neque
2064 965 2239 1029 enim
2281 963 2383 1025 illi
2420 962 2927 1047 antiquariorum
2965 965 3034 1025 in
3074 965 3297 1028 simili-

1798 1069 1920 1133 bus
1958 1068 2165 1134 causis
2202 1064 2458 1130 fastidia
2491 1064 2715 1148 ignota
2752 1086 2897 1130 esse
2934 1079 3250 1150 poterant.

2367 1306 2386 1345 κ
2427 1289 2500 1351 Ρ.
2535 1285 2670 1350 183.

1926 1428 2116 1506 Dixi,
2153 1427 2306 1489 satis
2335 1447 2506 1490 nunc
2538 1438 2860 1500 constare,
2890 1446 3120 1511 vagam
3151 1426 3300 1490 hac-

1798 1543 1989 1594 tenus
2023 1528 2261 1593 Orram
2298 1529 2485 1592 sitam
2510 1527 2710 1591 fuisse
2753 1525 2821 1587 in
2859 1547 3020 1610 agro
3055 1529 3303 1590 Locro-

1798 1654 1946 1696 rum
1965 1632 2208 1709 Italiae,
2246 1652 2325 1694 ex
2358 1651 2486 1715 quo
2513 1650 2750 1714 nempe
2780 1628 3163 1692 cLMichael
3183 1632 3306 1689 Ar·

1800 1735 1970 1798 ditus
2000 1755 2266 1796 numum
2301 1732 2574 1817 protulit
2608 1730 2991 1813 inscriptum
3028 1726 3301 1817 OPPA.

1799 1834 2230 1900 ΛΟΚΡΩΝ.
2310 1837 2564 1902 Verum
2618 1844 2892 1897 testatur
2929 1830 3031 1895 vir
3089 1828 3306 1893 erudi-

1799 1952 1903 2001 tus
1930 1938 2203 2017 Mathias
2233 1936 2548 2011 Zarillus,
2598 1934 2664 1995 in
2703 1952 2904 1996 numo
2950 1932 3113 2009 hoc,
3168 1934 3300 2016 qui,

1804 2039 1962 2102 olim
2009 2039 2190 2102 ducis
2232 2037 2471 2119 Nojae‚
2511 2024 2693 2099 nunc
2735 2037 2801 2096 in
2851 2055 3079 2097 museo
3118 2036 3308 2117 regio

1801 2140 2080 2223 Neapoli
2111 2153 2444 2215 servatur,
2481 2158 2563 2201 eo
2594 2138 2783 2216 loco,
2821 2158 2950 2231 quo
2992 2136 3306 2219 scriptum

1803 2241 2047 2303 OPPA
2085 2239 2576 2325 praetenditur,
2625 2239 2852 2303 literas
2897 2259 3042 2301 esse
3090 2236 3314 2299 confu-

1805 2365 1926 2420 sas,
1963 2356 2029 2405 et
2065 2342 2392 2419 evanidas,
2423 2354 2490 2405 et
2512 2334 2715 2401 ‹DPA
2746 2339 2962 2423 potius
2993 2337 3308 2422 legendas

1799 2444 2034 2510 videri.
2098 2447 2312 2529 Atque
2352 2444 2487 2504 hoc
2538 2442 2630 2505 de
2673 2442 3032 2527 epigraphe
3071 2441 3308 2505 OPPA

1802 2545 2071 2608 dubium
2116 2558 2296 2609 tanto
2350 2557 2627 2626 augetur
2667 2543 2904 2627 magis,
2952 2542 3129 2628 quod
3161 2564 3314 2626 qua-

1801 2661 1954 2710 tuor
1987 2647 2234 2710 similes
2268 2669 2303 2708 a
2330 2649 2654 2725 Magnano
2688 2644 2756 2704 in
2788 2645 3044 2707 Bruttia
3071 2644 3314 2705 numis-

1805 2749 2034 2812 matica
2052 2748 2247 2815 video
2271 2747 2507 2826 editos,
2539 2767 2764 2810 omnes
2792 2747 3140 2832 inscriptos
3176 2747 3314 2832 qui-

1804 2852 1954 2915 dem
1981 2831 2422 2926 AOKPssN'‚
2473 2851 2652 2912 nulla
2685 2864 2900 2913 tamen
2940 2877 3016 2920 ‘ra
3065 2849 3309 2911 OPPA

1803 2953 2161 3018 mentione.
2208 2953 2513 3016 Nondum
2551 2972 2712 3036 ergo
2772 2951 2853 3013 de
2891 2950 3336 3034 veroJOrraa

1805 3058 1932 3119 situ
1966 3054 2133 3119 certi
2162 3076 2404 3119 sumus.

1900 3258 1985 3340 P‘.
2013 3275 2153 3349 284.
2187 3271 2316 3335 col.
2340 3287 2400 3335 2.
2433 3272 2554 3335 lin.
2578 3294 2647 3333 11
2678 3282 2833 3354 post
2865 3274 3224 3336 edoceri.

1946 3415 2133 3509 Quae
2177 3427 2316 3476 tum
2355 3412 2842 3497 ignoraveram,
2888 3412 3064 3475 forte
3109 3410 3315 3474 fortu-

1817 3539 1900 3580 na
1945 3514 2122 3579 aliud
2168 3536 2370 3599 agens
2425 3538 2462 3578 a
2502 3515 2784 3598 meipso
2832 3535 2970 3576 sum
3022 3513 3314 3588 edoctus,

1817 3620 2124 3681 nimirum
2150 3639 2296 3681 cum
2321 3617 2386 3677 in
2403 3617 2726 3680 Strabone
2747 3618 3074 3702 legeremt
3104 3618 3218 3695 (L.
3235 3617 3316 3682 X.

1812 3744 1876 3805 p.
1899 3743 1982 3782 m.
1999 3722 2178 3804 725.)
2198 3714 2398 3794 ποδας
2413 3741 2518 3804 μεν
2535 3741 2664 3801 (γαρ
2681 3721 2998 3806 λεσγεσθαι
3022 3743 3138 3793 τας
3154 3716 3308 3781 ὑπω-

1818 3845 2021 3901 ρειας,
2060 3834 2320 3902 κορυφας
2363 3814 2440 3882 δε
2463 3844 2547 3881 τα
2573 3818 2726 3900 ἄκρα
2755 3842 2872 3883 των
2905 3819 3082 3901 ὅρων,
3117 3826 3317 3905 pedes

1816 3928 1993 3987 enim
2042 3935 2364 3986 vocantur
2428 3921 2695 4006 infimae
2760 3928 3006 3994 montis
3052 3937 3315 4004 partes,

1816 4031 1996 4088 sicut
2019 4029 2304 4088 vertices
2331 4046 2591 4088 summa
2613 4030 2961 4089 montium.
2993 4026 3082 4088 Et
3099 4025 3320 4101 video,

1820 4127 2057 4191 montis
2116 4126 2409 4191 radicem
2468 4126 2628 4192 viris
2680 4127 2998 4191 Graeciae
3050 4128 3316 4189 summis

1818 4244 2012 4313 atque
2074 4230 2469 4313 pervetustis
2546 4228 2782 4291 dietam
2854 4228 3059 4290 fuisse
3135 4225 3319 4291 ποδα.

1818 4333 2180 4393 Homerus-t
2228 4333 2336 4414 (11.
2359 4334 2437 4395 B.
2472 4332 2711 4406 v.82l;:
2751 4352 2876 4393 seu·
2904 4332 2970 4391 in
3005 4333 3316 4415 Catalogo

1821 4455 1884 4496 v.
1924 4432 2100 4511 331.)

169 4766 396 4826 1814,
443 4779 582 4832 pag.
614 4767 697 4819 15.
739 4756 875 4815 Ταῦ.
906 4748 956 4815 Ῐ.
990 4776 1146 4813 num.
1185 4757 1302 4828 11.)
1323 4797 1339 4825 ,
1370 4768 1425 4815 et
1461 4759 1590 4834 jure
1626 4759 1864 4817 videtui·
1897 4755 2138 4816 attribui
2168 4755 2474 4826 Felsinac,
2522 4776 2696 4835 quam
2727 4758 2952 4817 Plinius
2984 4764 3317 4841 principem

150 4849 433 4910 urbem
463 4848 729 4905 Etruriae
761 4846 1040 4904 nominat.

2878 4943 2929 5003 C
