4388 5576
1078 349 1269 495 Μ’
1695 367 1698 388 1
2053 441 2060 447 -
2314 386 2750 465 ὀΑΡνΤ
2832 383 2929 462 x.

1089 608 1234 653 rem
1280 582 1710 669 infringeret,
1769 574 2147 660 ignoramus
2205 588 2449 656 aeque,
2507 592 2583 635 ac

1089 692 1277 776 plura
1314 686 1560 752 veteris
1592 681 1736 746 aev'i
1773 680 1932 756 alia,
1979 676 2179 738 rebus
2220 674 2584 760 apparenti·

1087 793 1246 866 bus,
1292 789 1531 873 ignotis
1565 783 1796 848 causis.
2140 830 2147 838 .

1214 895 1326 953 111.
1374 894 1475 954 Ex
1505 889 1842 952 doctrinae
1878 899 2064 943 meae
2084 875 2457 964 praeceptis
2487 895 2582 948 se·

1086 995 1345 1080 quitur,
1390 1005 1461 1054 ut
1507 992 1694 1054 initio
1732 988 2057 1060 dixeram,
2106 980 2256 1043 trib.
2300 991 2583 1061 potesta·

1085 1116 1219 1161 tem
1270 1095 1543 1180 primam
1606 1091 1671 1150 in
1730 1089 1937 1155 altero
1984 1102 2235 1145 canone
2297 1101 2582 1162 semper,

1089 1214 1199 1263 aut
1232 1211 1415 1260 certe
1447 1194 1836 1277 plerumque
1860 1188 2059 1262 fuisse
2094 1185 2582 1266 incompletam,

1089 1312 1494 1370 constantem
1531 1313 1730 1375 saepe
1760 1288 1979 1376 paucis
2017 1286 2380 1361 mensibus,
2427 1282 2580 1370 quin

1093 1418 1158 1468 et
1197 1401 1448 1476 diebus.
1534 1399 1695 1459 Nam
1742 1393 1798 1454 si
1841 1413 1898 1455 v.
1947 1409 2003 1451 c.
2049 1387 2272 1451 medio
2304 1389 2585 1448 Decem·

1089 1506 1194 1566 bri
1252 1502 1397 1589 quis
1459 1519 1601 1562 eam
1676 1493 1969 1575 accepit,
2039 1490 2279 1551 secutis
2350 1507 2588 1571 pauco·

1090 1629 1237 1671 rum
1316 1606 1574 1666 dierum
1632 1591 1985 1676 intervallo
2067 1589 2384 1653 Kalendis
2457 1592 2588 1653 lan.

1096 1707 1314 1791 coepit
1357 1718 1705 1771 numerare
1756 1692 2129 1760 secundam.
2220 1690 2411 1783 Quod
2453 1692 2590 1775 qui·-

1097 1811 1246 1872 dem
1291 1806 1655 1886 institutum
1697 1799 1943 1862 nemini
2012 1794 2215 1859 credo
2261 1792 2591 1876 videbitur

1072 1911 1449 1974 'absurdum
1476 1951 1492 1981 ,
1537 1898 2066 1991 quandoeadem
2112 1896 2280 1960 ratio
2314 1896 2378 1956 in
2409 1916 2595 1974 ‚com-

1098 2009 1398 2097 putandis
1461 2008 1600 2073 sive
1670 2006 2175 2086 imperatorum,
2239 1997 2376 2060 sive
2440 2015 2597 2080 epo·

1104 2116 1266 2177 chae
1328 2110 1509 2172 annis
1568 2106 1737 2192 apud
1780 2105 2073 2167 Graecos
2122 2098 2325 2179 vulgo
2372 2097 2591 2171 valuit,

1106 2216 1216 2299 qui
1259 2228 1573 2294 utrosque
1635 2208 1714 2270 ad
1774 2205 1925 2268 anni
1986 2205 2085 2266 sui
2132 2199 2343 2263 civilis
2386 2201 2598 2262 calc-u·

1103 2321 1239 2381 lum
1283 2291 1906 2391 adcommo⁴davere,
1969 2303 2372 2385 incompleta
2431 2301 2598 2364 adeo

1112 2436 1373 2498 semper
1416 2432 1587 2475 anno
1621 2410 1872 2494 primo,
1915 2407 2041 2469 nisi
2083 2426 2230 2468 cum
2271 2404 2445 2466 forte
2481 2403 2601 2465 ini·

1110 2520 1271 2581 tium
1317 2514 1578 2598 imperii
1640 2512 1761 2574 fuit
1805 2510 1982 2574 idem
2027 2500 2173 2571 cum
2218 2507 2400 2569 initio
2447 2503 2602 2568 novi

1111 2621 1258 2685 anni
1302 2617 1533 2684 civilis.
1620 2615 1782 2696 Ejus
1813 2614 2128 2696 ,exempla
2190 2608 2448 2670 abunde
2493 2593 2603 2670 co·

1113 2721 1290 2805 gnita
1334 2731 1483 2779 sunt
1529 2736 1612 2778 ex
1655 2716 1869 2778 numia
1916 2701 2302 2786 Antidcbiae
2351 2707 2601 2792 Syriae,

1115 2829 1476 2886 Caesareae
1553 2808 2036 2901 Cappadociae,
2123 2814 2438 2896 aliisque,
2529 2830 2604 2873 ac

1114 2923 1468 3009 praecipue
1505 2918 1968 2980 Alexandrinis
2008 2916 2325 2998 Aegypti,
2367 2914 2431 2973 in
2467 2912 2605 2999 qui·

1115 3027 1237 3089 bus
1283 3023 1366 3086 de
1412 3022 1542 3085 hoc
1600 3034 1897 3083 veterum
1957 3038 2143 3080 more
2204 3037 2334 3100 non
2379 3035 2605 3097 pauca,

1114 3147 1280 3211 quae
1383 3126 1715 3207 praesenti
1819 3106 2218 3207 argumentox
2295 3114 2605 3201 applicari

1113 3241 1420 3313 possunt,
1468 3222 1792 3307 disputavi
1823 3225 1902 3304 ⁸).
1952 3221 2204 3311 Quibus
2243 3219 2390 3283 addi
2421 3240 2608 3305 prae-

1110 3346 1293 3393 terea
1325 3339 1578 3412 potest,
1626 3328 1818 3388 etiam
1864 3324 2299 3408 imperatores
2339 3322 2609 3384 Germa·

1108 3432 1293 3497 nicos
1328 3428 1546 3495 Caroli
1576 3431 1669 3491 Μ.
1704 3447 2121 3520 successores
2155 3424 2491 3510 proximos
2513 3423 2609 3486 sic

986 3577 996 3587 ·
1096 3553 1316 3605 annos
1363 3528 1625 3614 imperii
1668 3528 1767 3589 sui
1803 3543 2253 3611 computasse,
2297 3539 2406 3601 ut,
2451 3545 2622 3609 qu0-
2652 3510 2664 3541 ³

1109 3656 1367 3719 cunque
1402 3651 1626 3698 mense
1658 3628 1823 3692 illud
1853 3644 2072 3692 essent
2106 3627 2457 3714 auspicati,
2500 3649 2611 3690 an·-

1108 3759 1268 3825 nu'm
1313 3735 1670 3798 secundum
1719 3753 1985 3819 semper
2028 3756 2065 3796 a
2111 3716 2430 3813 proximis
2475 3732 2608 3791 Ka·

1110 3839 1324 3900 lendis
1347 3835 1658 3897 Ianuariis
1703 3847 2127 3894 numerarent
2150 3833 2258 3912 '’J,
2305 3832 2416 3915 qui
2462 3852 2604 3896 mos

1115 3920 1499 4001 observatus
1542 3947 1642 3994 est
1679 3934 1742 3993 in
1781 3933 2354 4007 constitutionibus
2389 3918 2610 3996 faudo·

1115 4039 1245 4103 vici
1276 4030 1754 4112 Pii„Lotharii
1799 4036 1886 4111 1.,
1944 4034 2223 4097 Henrici
2264 4039 2356 4116 1.,
2403 4036 2627 4099 Otho·.

1114 4143 1215 4204 ‘nis
1257 4142 1388 4216 M„
1433 4136 1709 4200 Henrici
1755 4140 1865 4213 11.,
1926 4124 2214 4199 Conradi
2256 4140 2397 4215 11.„
2431 4139 2614 4199 Hen-

1115 4246 1402 4334 ricorum
1450 4244 1563 4305 111.
1608 4250 1676 4302 et
1719 4240 1875 4315 lV..‚
1917 4239 2216 4303 Lotharii
2250 4240 2328 4302 11.
2413 4234 2640 4320 Vide,’

1116 4369 1280 4435 quae
1325 4343 1409 4407 de
1453 4344 1582 4406 hoc
1639 4352 2027 4426 argumento
2091 4363 2173 4405 ex
2219 4342 2614 4408 dissertatio·

2696 589 2779 632 ne
2818 567 3079 636 comitis
3106 566 3412 656 Garampi
3455 563 3717 635 tradidit
3749 563 4034 650 Belleyus
4059 567 4130 651 l²).

2700 670 3031 763 Quocirca
3086 672 3141 735 si
3202 673 3416 736 variae
3478 671 3813 747 nationes,
3872 685 3936 733 et
3990 673 4133 734 varis

2699 774 2964 856 quidem
3023 786 3232 836 aetate
3289 795 3527 835 annum
3585 763 3880 855 pr'imum*
3915 771 4133 856 imperii

2698 867 3170 962 in'completum
3218 896 3339 959 pro
3376 875 3710 956 completo
3742 874 4018 959 accipere
4044 895 4133 961 po-

2699 992 2952 1055 terant,
3001 977 3093 1041 sic
3121 990 3196 1040 ut
3230 977 3531 1059 proximo
3572 977 3723 1038 anni
3760 977 3958 1039 civilis
3982 977 4130 1040 initio

2698 1082 3021 1165 inciperet
3063 1094 3267 1142 annu's
3320 1078 3679 1156 secundus,
3721 1079 3987 1154 ¹nescio,
4041 1100 4130 1142 cur

2698 1205 2829 1245 non
2853 1199 2917 1245 et
2947 1181 3226 1246 Romani
3255 1181 3493 1243 eodem
3523 1180 3825 1263 exemplo
3858 1182 4132 1263 potuerint

2698 1285 2846 1348 trib.
2896 1298 3284 1368 potestatem
3338 1284 3419 1347 ad
3469 1283 3620 1344 anni
3670 1283 3768 1345 sui
3827 1284 4047 1356 civilis,
4078 1281 4132 1342 id

2700 1402 2836 1452 est:
2883 1388 3114 1450 Iuliani
3143 1386 3408 1449 modum
3429 1383 3941 1461 adcommodare,
3982 1385 4133 1445 ettri·

2698 1489 2944 1553 bunatu
2985 1489 3198 1600 prime
3245 1489 3652 1570 incompleta
3682 1487 3884 1549 ordiri
3908 1488 4132 1551 alterum

2701 1591 3019 1656 Kalendis
3062 1591 3859 1679 sequentibuslanuariis,
3901 1590 4019 1655 sive
4044 1587 4133 1649 ini·

2704 1696 2798 1756 tio
2842 1694 2992 1756 anni
3036 1694 3135 1754 sui
3174 1693 3417 1768 civilis,
3460 1694 3817 1776 praecipue
3852 1712 3983 1756 cum
4002 1703 4128 1752 teste

2705 1796 2922 1858 Dione
2961 1796 3393 1877 imperatores
3427 1796 3789 1859 secundum
3826 1795 3959 1857 trib.
3991 1804 4130 1877 pote-

2709 1910 2938 1979 statem
2985 1897 3245 1995 impe'rii
3301 1918 3565 1981 quoque
3612 1900 3711 1962 sui
3772 1895 4131 1960 succedentes

2709 2019 2911 2061 annos
2933 2019 3278 2061 numerare
3308 2005 3435 2061 sint
3453 2000 3634 2062 soliti
3669 2004 3762 2084 c),
3804 2001 3964 2075 sive,
4001 1994 4130 2081 quod

2711 2099 2947 2165 eodem
3006 2093 3279 2176 recidit,
3353 2123 3553 2162 unum
3617 2102 3911 2185 idemque
3964 2099 4131 2167 fuerit,

2710 2221 3061 2267 numerare
3103 2202 3258 2274 trib.
3307 2219 3708 2286 potestates,
3767 2219 3945 2288 atque
3983 2218 4130 2265 annos

2711 2305 3026 2392 imperii-

2840 2407 3186 2482 lv.-Dixi,
3243 2420 3542 2471 veterem
3593 2427 3930 2480 canonem,
3979 2383 4142 2468 nibal

2715 2524 2935 2573 natum
2982 2508 3087 2571 die
3149 2509 3345 2571 natali
3393 2510 3534 2591 ejus
3584 2511 3835 2596 accepti
3890 2521 4132 2570 renovan-

2718 2610 2818 2686 di,
2863 2610 3236 2694 imperante¹
3262 2613 3606 2698 'Antonino
3652 2627 3964 2675 extrusum
4002 2631 4031 2669 a
4062 2622 4133 2666 re·

2721 2714 3050 2793 qentiore,
3114 2713 3226 2796 qui
3286 2733 3434 2777 eum
3481 2713 3801 2776 Kalendis
3842 2716 3959 2775 Ian.
3995 2725 4132 2772 reno·

2720 2832 2848 2880 vat.
2907 2817 3019 2883 At
3096 2817 3649 2898 quemadmodum
3734 2818 3870 2880 aliis
3939 2828 4132 2900 quoque

2719 2917 2785 2979 in
2830 2917 3031 2979 rebus
3090 2918 3388 3003 euenire¹
3423 2920 3635 2997 solet,
3703 2935 3772 2980 ut
3828 2938 3947 2979 non
3990 2912 4158 2976 facile·

2718 3020 2907 3084 v'etus
2971 3020 3238 3102 aliquod
3296 3020 3664 3082 institutum
3719 3020 3810 3082 sic
3852 3018 4133 3084 aboleatur,

2719 3135 2791 3183 ut
2836 3140 2968 3187 non
3030 3121 3228 3183 etiam
3289 3123 3504 3208 aliqua
3559 3124 3705 3204 ejus
3758 3131 4132 3201 nonnunquam

2723 3236 3076 3307 appareant
3123 3224 3430 3307 vestigia,
3495 3225 3589 3287 sic
3639 3225 3868 3295 mirum
3912 3242 4018 3282 non
4054 3230 4136 3286 est,

2723 3325 2779 3386 si
2809 3337 3065 3396 exstent
3114 3345 3317 3408 pauca
3351 3326 3671 3411 quaedam
3722 3324 4025 3408 exempla,
4057 3315 4138 3380 etl·

2722 3448 2826 3503 am
2866 3428 3215 3490 constituta
3262 3447 3428 3491 nova
3464 3428 3723 3492 ratione
3762 3435 4136 3506 nonnunquam

2722 3529 2806 3591 ad
2862 3542 3159 3613 veterem
3218 3528 3419 3594 fuisse
3477 3531 3789 3610 reditum.
3907 3526 4138 3591 Diximus

2673 3651 2921 3714 -supra
3000 3630 3276 3694 articulo
3339 3637 3457 3709 11„
3525 3635 3590 3695 in
3654 3655 3785 3698 uno
3846 3629 4135 3708 eodemque

2725 3752 2925 3796 numo
2965 3732 3348 3809 M.,Aurelii
3396 3736 3693 3800 Caesaris
3740 3737 4042 3818 utriusque
4073 3746 4140 3788 ra·

2726 3834 2923 3897 tionis
2985 3833 3136 3896 trib.
3192 3848 3615 3918 potestatem,
3714 3854 3781 3904 et
3836 3833 4046 3904 veteris
4094 3837 4140 3887 et

2726 3956 2971 4012 novae,
3031 3935 3465 4016 consociatam
3520 3940 3764 4018 videri,
3826 3937 3981 4024 qnod
4024 3927 4140 4016 judi·

2725 4039 2895 4102 cium
2942 4039 2997 4101 si
3041 4057 3172 4100 non
3219 4038 3420 4113 fallit,
3478 4043 3829 4127 perspicue
3872 4043 4142 4104 docemur*

2728 4143 2990 4207 canonis
3034 4142 3278 4206 veteris
3340 4143 3603 4207 modum
3667 4145 3938 4209 stabilito
3985 4139 4140 4203 altem

2724 4266 2857 4308 non
2918 4246 3228 4309 continuo
3292 4267 3439 4310 esse
3493 4247 3825 4314 abolitum.
3945 4236 4055 4306 Sed
4098 4243 4195 4299 2⁸·

2726 4349 3036 4413 nonnulli
3086 4348 3266 4412 numi
3325 4350 3535 4414 serius
3581 4350 3870 4435 percussi
3910 4354 4140 4413 vetarem

1192 4533 1257 4612 a)
1287 4537 1520 4614 Proleg.
1554 4535 1633 4593 ad
1661 4555 1819 4594 num.
1839 4533 2005 4593 Alex.
2043 4556 2090 4593 c.
2108 4533 2434 4597 2.Vol.1V.
2467 4532 2642 4616 p.41{

2697 4530 2782 4612 s)
2807 4543 2870 4599 B.
2893 4541 2954 4598 L.
2976 4543 3144 4599 rom.
3163 4543 3411 4624 xxxv.
3432 4529 3493 4622 p.
3512 4548 3636 4621 039.
3713 4548 3771 4620 c)
3804 4539 4064 4609 mnis.
4082 4539 4142 4597 ιτ·

1196 4628 1254 4695 ’)
1293 4622 1510 4677 Mirum
1530 4638 1669 4675 Sane
1699 4617 2151 4703 secundum-cel-
2168 4631 2339 4689 “⁸6⁰7
2396 4694 2407 4705 ·
2432 4636 2537 4683 Τῆν
2562 4623 2879 4701 Tlnmberg
2907 4628 2966 4683 in
2989 4629 3189 4701 insula,
3212 4633 3411 4706 Japan
3437 4633 3641 4691 aetatis
3672 4653 3851 4692 annos
3871 4628 4046 4689 eodem
4062 4635 4146 4676 mo·

1308 4694 1388 4746 do
1424 4700 1753 4763 computari
1777 4731 1792 4756 ,
1823 4708 1910 4745 stc
1936 4702 1999 4745 ut
2027 4692 2221 4749 infans
2253 4712 2344 4750 mc
2394 4714 2450 4751 ιο
2477 4695 2822 4755 Decembris
2856 4711 3025 4758 natus
3050 4703 3338 4787 proximis
3357 4706 3489 4767 xal.
3522 4708 3648 4769 Ian.
3678 4705 3954 4784 inciperet
3981 4706 4142 4758 annum

1307 4760 1656 4823 secundum.
1729 4762 1863 4822 Not.
1893 4760 2037 4822 edit.
