4388 5576
996 417 1141 504 246
1546 387 2284 486 CONSTANTINVS'
2363 394 2509 488 X.‘
2562 364 3538 516 PORPHYROGENITVS.

1125 593 1411 660 Sestinio
1444 593 1804 678 interprete
1839 593 2196 675 imperator
2230 595 2486 661 medius
2601 617 2887 680 itusque,
2934 597 3045 681 qui
3087 613 3207 657 noa
3254 593 3340 658 de
3383 596 3585 684 partis
3631 614 3890 660 aversae
3932 616 4068 661 cau-

890 757 912 795 Δ,
1000 713 1101 762 est
1132 701 1464 761 Romanus
1501 710 1837 758 contracto
1872 695 2110 758 RNOS
2150 694 2487 775 indicatus,
2605 699 2693 761 sis
2739 700 2983 762 certius
3028 698 3325 764 instruat.

1001 802 1108 862 cui
1151 800 1399 863 adstant
1444 797 1564 858 filii
1607 798 2062 861 Constantinus
2109 810 2175 858 et
2220 799 2492 883 Stepba·
2729 801 2921 863 Addo
2958 801 3283 862 illustrem
3316 818 3585 862 numum
3621 800 3846 875 alium,
3906 800 4075 878 cujus
4184 879 4193 884 -

1000 924 1124 964 nus
1202 904 1332 962 suis
1416 920 1675 985 quoque
1753 897 2018 960 indicati
2064 900 2502 985 nominibus,
2606 901 3116 986 descriptionem
3172 922 3385 984 nuper
3441 921 3697 965 mecum
3741 901 4073 967 communi·

1000 1001 1214 1062 literis
1315 1002 1557 1063 SHFM
1652 1001 1924 1061 barbare
1985 999 2314 1081 mquidem,
2401 1016 2495 1064 ta·-
2606 1004 2772 1068 cavit
2819 1004 2902 1068 cl.
2948 1005 3422 1085 Cousineryus.

981 1123 1156 1184 ‚men
1224 1104 1375 1163 satis
1438 1102 1779 1165 commode
1846 1101 2245 1182 Stephanum
2306 1122 2494 1185 argu·
2694 1179 2699 1183 .
2814 1103 3295 1169 ROMANO.
3352 1103 3840 1168 CONSTANT.
3898 1099 4078 1165 STE-

1007 1202 1285 1265 entibus.
1355 1206 1444 1269 ‚In
1511 1217 1697 1287 parte
1746 1199 1990 1278 'aversa
2057 1203 2145 1264 ait
2210 1204 2493 1286 proponi
2656 1236 2661 1242 ’
2889 1206 3200 1267 FANOS.
3243 1203 3375 1269 ΟΕ.
3416 1202 3904 1268 CONSTANT.
3946 1201 4071 1264 ΕΝ.

1007 1304 1588 1398 Christophorum,
1660 1304 1833 1367 hunc
1896 1323 2155 1387 quoque
2216 1304 2495 1366 Romani
2892 1304 3074 1370 ΧΩ).
3135 1307 3214 1370 Β.
3273 1306 3355 1369 Β.
3445 1311 3751 1388 scriptum
3808 1310 3877 1369 ἐκ
3940 1325 4083 1367 area

1004 1405 1214 1466 filium
1272 1421 1338 1469 et
1383 1410 1773 1489 Augustum,
1839 1405 2162 1488 hujusque
2219 1425 2493 1468 uxorem
2798 1484 2806 1492 .
2872 1413 3091 1476 ,numa

1005 1507 1354 1591 Sophiam,
1412 1508 1528 1569 sed
1586 1506 1759 1591 quod
1815 1526 2014 1589 aegre
2072 1510 2491 1589 persuaserit.
2608 1508 2885 1578 IHSVS.
2918 1491 3312 1577 XRISTV'S.
3345 1508 3570 1571 NICA.
3633 1512 3832 1583 Crux,
3889 1511 3956 1568 u‘n
3985 1526 4083 1566 cu-

1000 1608 1165 1670 Nam
1202 1609 1526 1692 primum,
1585 1628 1733 1670 cum
1774 1609 2284 1691 christophorus
2319 1609 2497 1669 inter
2588 1616 2711 1689 sus
2767 1615 2973 1676 medio
3026 1615 3283 1690 clypeus
3338 1631 3482 1670 cum
3538 1612 3756 1690 effiya‘e
3800 1610 4079 1680 Romani,

1001 1706 1175 1771 filios
1218 1709 1416 1773 fuerit
1461 1710 1682 1772 senior
1723 1715 2089 1792 Augustus,
2133 1710 2491 1773 verisimile
2587 1716 2794 1788 sumta
2837 1715 3139 1789 scriptum
3180 1706 3481 1773 RoeMA.
3571 1709 3713 1771 AB.

1000 1830 1134 1871 non
1193 1824 1323 1887 est,
1384 1810 1622 1875 factum
1681 1811 1918 1888 fuisse,
1975 1823 2047 1873 ut
2091 1834 2124 1874 a
2168 1801 2354 1895 patre
2399 1811 2494 1874 di·
2733 1811 3026 1871 Primum
3084 1809 3524 1894 inscriptionis
3584 1809 3813 1917 hujus
3821 1806 4082 1871 voeabu-

999 1912 1227 1974 vulsus
1273 1912 1338 1973 in
1384 1934 1676 1976 aversam
1721 1913 2136 1994 trajiceretur
2180 1913 2490 1995 praelatis
2604 1912 2740 1974 lum
2780 1912 3111 1994 eloquitur
3141 1914 3505 1974 Romanum
3540 1925 3874 1985 nostrum,
3917 1904 4079 1992 quod

999 2012 1310 2077 fratribus
1353 2017 1738 2099 junioribus.
1822 2014 2084 2077 Deinde
2131 2015 2280 2098 quia
2322 2014 2491 2078 veri·
2606 2013 2904 2096 sequitur
2930 2014 3459 2089 CONSTANT„
3495 2010 3978 2078 Constantinum
4004 2009 4079 2069 X.

1000 2116 1217 2178 simile
1262 2130 1393 2192 est,
1463 2127 1531 2179 tit
1575 2115 1958 2210 comprobat
1997 2104 2376 2199 Ducangius
2408 2119 2490 2198 ·,)
2604 2111 2810 2176 filium
2871 2116 3117 2177 Leonis
3177 2117 3327 2193 V1.‚
3407 2115 3674 2200 imperii
3734 2111 4085 2193 conlegam,

1001 2216 1403 2299 Stephanum
1440 2234 1506 2281 et
1540 2218 2030 2283 Constantinum
2066 2217 2494 2303 christopho·
2606 2216 2752 2293 s‚ed
2813 2231 2882 2279 ut
2925 2217 3091 2292 dixi,
3144 2217 3611 2300 postpositum,
3662 2214 3920 2297 reliqua
3960 2210 4087 2273 duo
4134 2247 4137 2250 -

997 2338 1077 2379 ro
1122 2319 1326 2380 fratre
1369 2320 1522 2383 vivo
1567 2320 1856 2381 nondum
1896 2319 2098 2380 fuisse
2138 2321 2490 2401 Augustos,
2607 2314 3007 2402 Stephanum
3071 2331 3138 2379 et
3202 2318 3698 2381 Constantinum
3757 2316 3866 2378 IX.
3923 2312 4085 2375 filios

999 2418 1118 2479 sed
1150 2419 1408 2481 nonnisi
1439 2434 1587 2505 post
1619 2420 1809 2502 hujus
1844 2431 2122 2480 mortem
2155 2418 2490 2497 suffectos,
2604 2421 2903 2485 Romani.
2991 2423 3312 2502 Apparet,
3371 2417 3917 2502 christophorum
3962 2415 4087 2476 Ro-

998 2520 1110 2600 qui
1147 2532 1362 2582 tamen
1399 2542 1484 2584 ex
1521 2522 1785 2586 Sestinii
1830 2533 2050 2584 mente
2087 2523 2155 2584 in
2203 2522 2331 2585 hoc
2376 2542 2491 2584 nu·
2604 2522 2778 2584 mani
2813 2522 3019 2582 filium
3068 2535 3221 2581 natu
3264 2519 3612 2581 maximum
3652 2505 3793 2581 tum
3824 2521 3888 2579 in
3930 2514 4085 2580 vivis

997 2641 1108 2682 mo
1154 2640 1299 2682 cum
1355 2623 1563 2686 fratre
1613 2623 2127 2707 conjunguntur,
2186 2637 2488 2706 tanquam
2604 2624 2881 2706 amplius
2915 2642 3045 2684 non
3086 2622 3321 2695 fuisse,
3372 2621 3532 2701 ,quia
3570 2622 3636 2682 in
3674 2621 3959 2685 filiorum
3995 2634 4085 2712 se.-

881 2761 888 2776 -.
997 2732 1125 2784 una
1168 2723 1445 2805 Augusti
1503 2724 1800 2788 fuissent.
1885 2724 2188 2810 Denique
2245 2725 2491 2790 fatetur
2601 2727 2702 2790 rie
2743 2723 3084 2790 omittitur.
3155 2720 3327 2788 Vide
3366 2722 3528 2784 haec
3564 2721 3783 2785 omnia
3820 2737 4087 2799 congru-

992 2824 1138 2908 ipse
1197 2825 1300 2888 vir
1363 2824 1693 2902 eruditus,
1755 2848 2021 2890 aversae
2083 2828 2489 2911 epigraphen
2605 2830 2776 2894 entia
2836 2848 2983 2890 cum
3044 2825 3156 2900 iis,
3218 2845 3383 2908 quae
3441 2820 3636 2907 supra
3696 2825 3764 2885 in
3823 2817 4088 2885 Romani

997 2925 1341 2989 obscuram
1388 2948 1535 2991 esse
1582 2942 1649 2991 et
1693 2950 2004 2993 mancam.
2090 2931 2490 3014 Exspectan·
2530 2922 2537 2925 ⁷
2601 2930 2732 2994 vita
2781 2929 3096 2995 enarravi.
3186 2926 3555 3010 Stephanus
3599 2928 3779 2989 nunc
3820 2924 4086 3008 primum

995 3029 1117 3092 dus
1148 3030 1349 3113 igitur
1384 3052 1619 3094 numus
1666 3033 1834 3095 alter
1877 3032 2081 3117 magis
2119 3032 2360 3095 nitidus
2395 3053 2492 3095 aa·
2605 3044 2784 3097 certa
2828 3030 2959 3092 fide
3002 3030 3068 3092 in
3115 3042 3375 3093 moneta
3420 3040 3783 3112 comparet.

2228 3293 2239 3302 .
2298 3234 2497 3325 Pac
2522 3234 2804 3295 TJVM.

1591 3431 1796 3493 Aurei
1892 3469 2659 3495 ........
2740 3400 3633 3490 ⁷....'.'..RR.

1528 3532 1906 3616 ,Argentei
1967 3574 2014 3596 -.
2104 3577 2120 3594 .
2212 3576 2225 3591 .
2319 3570 2336 3590 .
2426 3574 2446 3593 .
2533 3575 2550 3591 .
2639 3571 2660 3597 .
2747 3569 3403 3590 .......
3489 3520 3702 3589 RRR.

3829 3518 3905 3536 m

1579 3842 1849 3905 cozvs
1872 3831 2440 3907 TANT‘zNVS
2508 3846 2590 3905 x.
2676 3847 2784 3905 1³0
2804 3824 3496 3921 rphyrvy‘entme.

1121 4035 1368 4097 Leonis
1400 4038 1515 4106 vt.
1549 4044 1617 4098 et
1651 4037 1820 4100 Zoes
1857 4036 2067 4115 filius,
2114 4039 2261 4124 quia
2299 4051 2482 4102 natus
2601 4059 2638 4101 e
2678 4039 2838 4101 vivia
2876 4049 3109 4119 erepto
3139 4034 3488 4120 imperavit
3521 4034 3705 4098 solua
3739 4030 4084 4130 septennis,

994 4138 1060 4199 in
1105 4137 1481 4220 Porphyra,
1548 4137 1719 4221 quod
1765 4159 2004 4201 nomen
2035 4141 2275 4224 palatii
2317 4134 2486 4224 parti
2600 4161 2809 4223 remp.
2885 4137 3480 4204 administrantibus
3551 4139 3845 4222 primum
3903 4131 4098 4199 variis·

992 4238 1152 4315 fuit,
1199 4240 1409 4303 dictus
1454 4240 2077 4324 Porphyrogenitus.
2138 4246 2336 4306 Patre
2380 4264 2487 4306 au·
2598 4244 3024 4328 proceribus,
3102 4238 3341 4304 deinde
3399 4252 3608 4303 matre
3673 4242 3852 4314 Zoe,
3922 4234 4093 4298 deni·

994 4363 1083 4406 no
1126 4364 1243 4426 qu
1312 4343 1677 4426 composito
1738 4344 1856 4405 sub
1920 4344 2119 4407 tutela
2183 4344 2484 4408 avunculi
2602 4366 2730 4430 que
2771 4347 3068 4409 Romano
3111 4345 3498 4428 Lecapcno‚
3564 4344 3681 4426 qui
3739 4340 3940 4407 filiam
3998 4332 4090 4399 itti

995 4444 1353 4510 Alexandri
1412 4449 1582 4529 Aug.
1640 4443 1802 4523 fuit,
1864 4466 1995 4530 quo
2053 4448 2275 4531 paullo
2338 4461 2484 4530 post
2599 4446 2922 4510 Helenam
3011 4445 3367 4530 copulavit,
3459 4458 3525 4509 et
3607 4437 4091 4528 imperatoriam

1073 4665 1132 4719 θ’)
1176 4659 1381 4717 Famil.
1420 4641 1556 4735 sz.
1597 4678 1730 4736 pag.
1770 4663 1890 4723 146.
1936 4670 2057 4724 148.
