4388 5576
1577 377 1604 386 -a

1366 471 1945 574 JVLIANNS
2032 476 2125 550 11.

231 684 336 750 quc
359 675 424 729 et
448 657 786 745 Illyricum
836 666 1128 739 occupat.
1216 653 1377 716 Erat
1429 675 1550 737 pro
1587 654 1685 716 fo-

225 767 377 831 ribus
419 766 663 828 bellum
730 762 969 821 iterum
1019 754 1212 819 civile
1273 769 1499 833 atrox,
1557 754 1683 817 nisi

227 863 646 938 Coxisumtio,⁴
690 863 802 945 qui
859 857 1096 923 aemuli
1163 856 1412 950 facinus
1476 856 1682 919 ultum

220 968 426 1046 iverat,
468 969 535 1027 in
586 964 817 1027 Cilicia
853 959 1166 1022 defuncto
1196 956 1455 1024 flamma
1506 977 1687 1020 rese-

224 1069 414 1133 disset.
497 1071 710 1130 Hoste
757 1075 1016 1124 remoto
1069 1060 1246 1126 solus
1284 1060 1423 1141 ipse
1465 1063 1683 1141 Augu-

224 1183 336 1234 stus
372 1163 975 1247 Constantinopolin
1008 1160 1270 1223 nemine
1327 1160 1684 1250 obsistente

219 1270 420 1345 intrat,
495 1282 560 1330 et
608 1279 926 1330 renovato
976 1283 1124 1325 cum
1177 1263 1426 1344 Sapore
1482 1267 1690 1327 Persa

221 1370 374 1435 hello
418 1370 642 1432 multis
680 1370 806 1453 jam
864 1364 1066 1450 captis
1111 1362 1380 1425 urbibus
1426 1363 1686 1445 longius

219 1469 598 1534 inhosticum
634 1487 1061 1553 progressus,
1106 1479 1169 1527 at
1205 1481 1683 1528 commeatuum

221 1573 405 1654 inopia
434 1573 658 1635 redire
692 1583 949 1634 coactus
972 1612 988 1644 ‚
1035 1559 1185 1627 dum
1222 1567 1494 1628 infestos
1535 1587 1686 1650 qua-

224 1695 577 1758 quaversum
627 1675 865 1735 Persas
916 1671 978 1733 vi
1023 1669 1389 1751 reprimere
1433 1669 1682 1744 nititur,

221 1771 458 1834 fortuito
504 1774 645 1836 telo
693 1774 858 1836 ictus
897 1790 975 1832 ex
1019 1770 1294 1832 vulnere
1339 1771 1406 1829 in
1457 1770 1683 1831 castris

223 1871 451 1935 decedit
486 1874 597 1935 die
628 1873 835 1938 xxv.
868 1856 1033 1932 iunii
1072 1872 1148 1934 v.
1192 1873 1261 1933 c.
1309 1892 1328 1929 ι
1351 1869 1464 1931 ιιι)
1490 1872 1563 1930 Ρ.
1599 1872 1681 1933 x.

221 1975 320 2038 363
349 1997 508 2058 anno
545 1963 773 2037 aetatis
807 1974 1072 2035 xxxu.
1110 1971 1172 2030 in
1201 1971 1341 2053 ipso
1378 1971 1541 2032 adeo
1589 1969 1683 2051 ju-

222 2059 468 2140 ventutis
506 2074 712 2149 flore,
761 2090 828 2137 et.
867 2076 933 2135 in
988 2072 1205 2136 medio
1251 2073 1561 2148 hactenus
1596 2072 1685 2138 vi·

222 2179 540 2240 ctoriarum
588 2198 805 2239 cursu.

326 2278 511 2371 Quod
548 2281 615 2339 in
651 2273 1075 2341 Constantino
1105 2276 1195 2335 M.
1256 2274 1557 2338 evenisse
1591 2273 1686 2336 di-

220 2377 433 2456 ximus,
512 2401 712 2463 quem
775 2375 1417 2461 religiosa‘partium
1474 2375 1686 2438 studia

223 2493 313 2541 aut
347 2475 532 2543 coelo
578 2480 905 2549 intulere,
969 2490 1076 2539 aut
1125 2478 1342 2539 Furiis
1383 2478 1687 2550 ,excruci-

223 2579 427 2642 andum
482 2581 917 2654 commisere,
980 2577 1156 2640 idem
1207 2591 1275 2641 et
1319 2579 1385 2639 in
1434 2578 1685 2642 Iuliano

223 2682 458 2745 evenire
505 2702 783 2745 necesse
821 2679 981 2756 fuit,
1027 2701 1108 2743 ex
1151 2701 1281 2764 quo
1327 2680 1684 2763 repudiatis

135 2792 141 2797 ’
221 2783 401 2863 palam
431 2783 680 2849 Christi
711 2783 910 2846 sacris
948 2799 1240 2846 veterem
1285 2781 1688 2864 superstitio-

223 2903 350 2944 nem
391 2886 748 2951 revocavit.
835 2884 1211 2949 Cavendum
1258 2884 1461 2968 igitur
1510 2904 1687 2947 cum-

221 2987 454 3065 primis,
499 3007 586 3048 ne
634 2987 703 3047 in
750 2974 1113 3071 judicandis
1159 2985 1390 3060 Iuliani
1437 2984 1687 3047 meritis

186 3074 313 3146 ‘aut
342 3089 488 3150 solis
533 3104 790 3153 utamur
836 3082 1062 3152 eorum
1112 3085 1532 3163 testimoniis,
1577 3086 1688 3169 qui

224 3186 566 3259 christiana
619 3211 803 3255 sacra
833 3188 1121 3274 amplexi
1168 3204 1357 3267 sunt,
1403 3207 1564 3273 quos
1596 3189 1692 3248 in·

221 3300 311 3349 ter
347 3292 698 3374 praecipue
746 3289 1122 3360 nominandi
1168 3288 1528 3371 Gregorius
1562 3288 1687 3350 Na-

224 3388 585 3466 zianzenus,
642 3382 978 3477 totumque
1035 3382 1423 3476 scriptorum
1472 3388 1684 3452 eccle-

221 3489 606 3567 siasticorum
671 3516 941 3578 agmen,
1033 3505 1143 3557 aut
1196 3493 1351 3554 solis
1415 3512 1682 3568 eorum,

223 3592 321 3671 qui
368 3592 640 3657 deorum
702 3596 947 3657 cultum
1027 3595 1229 3677 longe
1276 3593 1688 3676 praetulere,

226 3710 366 3772 quos
406 3695 582 3755 inter
616 3695 807 3757 facile
846 3696 1090 3760 eminet
1126 3696 1437 3757 Libanius
1476 3693 1692 3777 sophi-

222 3805 322 3853 sta.
400 3794 551 3888 Quo
597 3797 663 3856 in
705 3799 987 3878 partium
1038 3797 1346 3859 conflictu
1384 3794 1557 3857 istud
1590 3815 1693 3857 ac-

223 3891 372 3954 cidit'
421 3896 520 3958 ad'
555 3917 812 3960 causam
875 3911 1164 3960 nostram
1225 3894 1690 3982 opportunum,

228 3993 384 4077 quod
416 3997 593 4059 inter
620 3998 740 4069 hos
773 3984 1285 4083 ipsossauctores
1315 4000 1536 4073 fuere,
1583 3996 1695 4080 qui

222 4091 462 4160 Iuliani
466 4111 534 4160 et
577 4099 850 4162 virtutes
882 4092 1181 4219 aperiunt
1225 4114 1290 4163 et
1303 4101 1514 4176 vitia,
1558 4120 1696 4160 mo·

226 4194 419 4259 derati
469 4219 663 4276 sane,
711 4215 778 4265 et:
813 4203 1014 4277 amici
1053 4201 1383 4277 veritatis,
1430 4221 1515 4262 ex
1556 4200 1697 4280 qui-2

223 4287 330 4359 bus
359 4297 711 4364 laudandus
742 4304 1095 4389 praecipue
1116 4303 1492 4366 Ammianus
1521 4296 1695 4365 Mar-

225 4395 486 4463 cellinus
525 4400 906 4468 idolorum·
886 4426 1028 4491 ipse
1061 4406 1324 4482 cultor,
1357 4418 1426 4468 et·
1461 4402 1696 4466 Iuliani

3078 559 3081 566 Α
3142 501 3295 604 x2129

1794 655 1872 719 ad
1910 658 2155 736 bellum
2201 647 2542 730 Persicum
2586 679 2851 738 comes,
2910 666 3299 749 aequissimi.
3388 647 3420 751 γ’

1795 758 1895 823 vir
1923 751 2185 842 judicii,
2246 779 2319 821 ac
2357 762 2649 837 consilii,
2694 761 2876 825 illinc
2925 766 3079 828 Aur.
3112 767 3288 833 'Pru-

1798 858 2093 938 dentius,
2162 861 2412 944 juratus
2471 877 2655 928 certe
2696 864 3118 944 polytheismi
3176 869 3291 934 ho-

1797 961 1949 1046 stis,
1994 963 2175 1044 cujus
2216 962 2297 1024 de
2340 964 2586 1028 Iuliano
2611 961 2921 1048 judicium
2961 968 3146 1034 lubet
3185 970 3294 1036 hic

1795 1085 2173 1147 proponere
2212 1066 2312 1148 ⁸¹).

1887 1270 2296 1348 Principibus
2335 1281 2546 1333 tamen
2579 1289 2615 1332 e
2649 1274 2897 1333 cunctis
2929 1293 3057 1334 non
3094 1255 3306 1353 defuit

2695 1392 2862 1433 unus

1886 1471 1994 1531 Me
2021 1489 2265 1550 puero,
2309 1480 2386 1533 ut
2424 1475 2716 1550 memini,
2759 1477 2985 1536 ductor
3016 1472 3304 1554 fortissi-

2684 1594 2825 1634 mus
2861 1596 3091 1649 armes,

1887 1671 2185 1734 Conditor
2244 1682 2311 1736 et
2365 1677 2573 1754 leyum
2594 1718 2612 1750 ,
2680 1677 3125 1736 celeberrimus
3189 1697 3299 1738 ore
3342 1660 3351 1669 ’

2682 1796 3001 1857 manuque
3019 1818 3038 1850 ‚

1876 1872 2218 1938 'Consultor
2246 1876 2546 1949 patriae,
2614 1880 2731 1936 sed
2790 1895 2919 1936 non
2971 1880 3297 1940 consultor

2681 1978 3010 2060 habendae

1879 2073 2282 2152 Belliqionis‚
2323 2095 2550 2136 amans
2578 2083 2922 2137 tercentum
2955 2080 3168 2139 millia
3199 2084 3295 2140 di-

2679 2196 2825 2236 vum
2846 2221 2864 2252 ,
2936 2227 2961 2238 ..
3183 2183 3188 2188 ’

1882 2275 2168 2357 Perfidus
2198 2276 2311 2336 illo
2330 2277 2462 2337 Deo
2477 2317 2494 2351 ,
2538 2280 2832 2358 quamvis·
2866 2298 2994 2339 non
3017 2282 3297 2358 perfidus

2683 2379 2829 2438 orbi
2846 2422 2864 2455 ,
2911 2388 3027 2440 etc.

1923 2576 2026 2638 Ex
2077 2595 2270 2638 sanae
2314 2573 2517 2657 igitur
2559 2576 2824 2644 criticae
2884 2580 3174 2662 legibus,
3241 2582 3319 2643 si*

1801 2676 2272 2758 amplectamur
2315 2694 2424 2752 ea,
2483 2698 2648 2760 quae
2701 2679 3050 2764 Christiani
3101 2683 3169 2744 in
3211 2704 3295 2746 eo

1800 2777 2152 2855 laudanda,
2226 2800 2392 2863 quae
2454 2780 2812 2845 adversarii
2868 2782 3297 2870 vituperanda

1802 2881 2085 2968 duxere,
2116 2879 2280 2946 'fieri
2299 2902 2426 2945 non
2454 2885 2736 2966 poterit,
2779 2885 2932 2967 quin
2969 2888 3291 2948 sinceram

1796 2974 2181 3063 habeamus,
2263 3004 2771 3071 germanamque
2841 2986 3073 3050 Iuliani
3140 2988 3300 3051 ima*-

1789 3086 2043 3170 ginem.
2128 3085 2439 3161 Accedit,
2487 3086 2659 3170 quod
2705 3086 2899 3149 etiam
2946 3087 3047 3150 his
3080 3110 3299 3153 remo·

1796 3188 1910 3261 tis,
1982 3207 2111 3271 quo
2153 3188 2272 3249 ille
2313 3185 2516 3250 fuerit
2554 3189 2812 3264 animo,
2876 3209 3001 3272 qua
3038 3190 3287 3266 indole,

1799 3288 2248 3371 incorruptum
2302 3287 2488 3351 nobis
2533 3288 2954 3372 suppeditent
3009 3292 3311 3353 testimon

1795 3374 1974 3451 nium
2027 3388 2168 3469 ejus
2228 3387 2427 3471 ipsius
2481 3389 2759 3470 scripta,
2837 3408 3002 3471 quae
3051 3390 3296 3475 insigni

1796 3510 2074 3551 numero
2113 3489 2194 3551 ad
2242 3502 2526 3551 nostram
2565 3510 2771 3573 usque
2816 3504 3097 3556 aetatem
3140 3514 3295 3574 per-

1802 3611 2066 3657 tenete
3259 3649 3263 3653 ,

1926 3691 2049 3753 His
2110 3691 2164 3752 si
2225 3690 2510 3753 fontibus
2571 3690 2652 3754 ad
2698 3711 2954 3755 causam
3000 3710 3292 3759 nostram

1802 3810 2102 3867 utemur,
2150 3794 2619 3857 convincemur
2654 3793 2894 3869 facile,
2938 3795 3156 3860 fuisse
3194 3800 3298 3861 Iu-

1800 3895 2044 3956 lianum
2099 3918 2134 3959 a
2206 3893 2482 3955 libidine
2548 3894 2748 3981 longe
2805 3897 3295 3980 alienissimum,

1806 3996 2167 4080 frugalem,
2239 4016 2507 4080 parcum
2581 3996 2876 4061 ciborum
2932 4013 2999 4062 et
3062 4004 3331 4083 somnis

1812 4113 2333 4181 contemptorem
2355 4118 2587 4179 opum,
2630 4101 2782 4162 utin
2819 4102 3157 4184 exigendis
3184 4105 3297 4167 tri-

1806 4200 1979 4264 butis
2011 4206 2161 4264 'non
2206 4188 2591 4278 molestum,
2639 4201 2726 4263 ita
2768 4202 2833 4262 in
2879 4196 3296 4269 remittendis

1805 4303 1949 4368 fisci
1993 4301 2228 4364 debitis
2287 4301 2584 4375 facilem,
2644 4315 2939 4367 tenacem
2990 4290 3335 4386 justitiae,-

1782 4419 1876 4477 ‚et
1921 4405 1976 4466 si
2024 4425 2150 4488 qua
2199 4402 2325 4465 alia
2369 4415 2523 4465 sunt
2568 4402 2809 4466 decora
2866 4426 2950 4468 ex
3004 4407 3294 4488 philoso-

291 4716 353 4785 ι)
387 4715 451 4772 in
485 4710 813 4793 Apotheosi
849 4735 904 4773 v.
938 4722 1064 4791 449.

409 4806 588 4889 (Vol.
623 4809 842 4887 VIII.)
