4388 5576
1006 450 1148 521 132

995 612 1278 699 denique
1340 600 1398 674 si
1454 607 1856 673 Christianae
1907 601 2072 669 ‘fidei
2133 622 2483 693 praecepta

995 720 1134 802 ejus
1180 716 1371 777 suere
1428 723 1726 784 naturae,
1785 724 1855 772 ut
1909 708 2140 774 Iuliani
2196 709 2481 773 animum

991 835 1389 903 permovere
1453 813 1535 889 ad
1595 810 1939 875 adsensum
2001 819 2153 873 non'
2192 826 2480 895 possent,
2528 837 2545 842 -

989 944 1070 987 an
1108 937 1263 983 vere
1306 916 1359 976 is
1397 914 1856 997 philosophum
1910 931 2054 975 sese
2100 910 2482 994 comproba-

944 1099 948 1103 >
987 1024 1115 1094 vit,
1164 1016 1421 1102 quando
1464 1013 1802 1098 repudiata
1847 1013 1960 1096 ilia
2005 1026 2303 1075 veterem
2347 1011 2485 1074 cul-

988 1139 1123 1185 tum
1182 1119 1352 1181 male
1412 1116 1915 1191 cohaerentem,
1981 1133 2068 1178 ‘ac
2125 1127 2478 1196 propterea

988 1225 1116 1307 jam
1158 1236 1293 1284 tum
1326 1220 1567 1302 passim
1600 1231 1666 1281 et
1698 1229 1928 1300 sponte
1965 1214 2315 1276 fastiditum
2351 1238 2479 1279 ma·

986 1328 1110 1390 luit
1137 1315 1500 1388 revocare?
1539 1311 1608 1382 et*
1639 1339 1789 1388 cum
1825 1316 2020 1380 s'atius
2052 1327 2187 1376 tum
2222 1315 2474 1394 suisset,

985 1425 1208 1491 neutri
1266 1422 1660 1495 adhaerere,
1705 1432 1849 1502 „tam
1911 1415 2341 1480 immoderato
2402 1419 2480 1480 il-

987 1533 1125 1594 lum
1170 1526 1387 1590 studio
1425 1522 1762 1606 amplecti,
1809 1533 1878 1581 ut
1917 1540 2049 1580 non
2092 1519 2297 1601 possit
2338 1519 2476 1602 ipsa

987 1628 1399 1715 superstitio,
1463 1644 1594 1709 quo
1655 1636 1954 1704 tempore
2015 1620 2296 1699 maxime
2356 1619 2475 1710 ilo-

983 1736 1115 1796 ruit
1172 1730 1542 1814 viguitque,
1601 1722 2052 1809 pertinacioris
2109 1721 2173 1781 in
2220 1741 2292 1784 se
2337 1723 2476 1805 pie-

987 1835 1132 1897 tatis
1167 1832 1339 1895 inter
1374 1829 1675 1892 homines
1710 1823 2083 1905 exemplum
2122 1836 2474 1885 ostentare.

985 1935 1174 2000 Adeo
1227 1952 1455 1999 verum
1513 1941 1646 2005 est,
1691 1924 2224 2006 summossstiam
2274 1923 2475 1999 viros,

988 2057 1150 2123 quos
1207 2037 1382 2097 inter
1448 2032 1764 2093 Iulianum
1829 2029 1974 2110 j'ure
2036 2036 2475 2100 numeramus,

985 2142 1139 2203 dum
1185 2134 1527 2219 praecipiti
1563 2131 1801 2193 mentis
1837 2147 1991 2202 suae
2027 2123 2177 2209 ὅρμῃ
2209 2126 2473 2188 nimium

988 2243 1473 2322 obsequuntur,
1544 2246 1610 2296 et
1657 2231 1933 2296 virtutes
1986 2229 2156 2313 ipsas
2206 2229 2475 2290 nimium

980 2340 1364 2415 intendunt,
1445 2348 1583 2397 tum
1649 2332 1926 2394 maxime
1995 2329 2473 2414 philosophiam

989 2445 1293 2507 omittere
1316 2482 1332 2513 ‚
1379 2451 1446 2501 et
1473 2436 1731 2498 sibimet
1762 2433 1918 2517 ipsis
1955 2432 2225 2495 multum
2264 2432 2480 2496 detra·

982 2547 1148 2608 here
1200 2543 1283 2605 de
1337 2537 1511 2603 veris
1565 2527 1899 2614 laudibus,
1945 2556 2099 2618 quas
2145 2533 2474 2598 communi

987 2646 1165 2710 orbis
1210 2641 1452 2726 judicio
1498 2638 1843 2722 promeriti
1887 2635 2294 2700 videbantur.
2372 2638 2474 2697 Iu·

981 2747 1137 2814 liani
1188 2747 1382 2812 vitam
1427 2741 1764 2828 praeclare
1813 2737 2069 2822 scripsit
2112 2737 2474 2802 Bletterius

983 2851 1242 2925 Gallus,
1303 2846 1428 2909 etsi
1470 2845 1570 2906 illi
1612 2843 1952 2925 religionis
1995 2844 2186 2903 causa
2223 2838 2471 2917 iratior,

979 2954 1045 3015 in
1081 2968 1284 3034 opere
1315 2950 1601 3012 Histoire
1628 2950 1706 3008 de
1738 2948 1959 3025 l'Emp.
2005 2946 2214 3005 Iulieu
2258 2930 2474 3022 I'Apo·

982 3066 1113 3117 stat
1166 3048 1436 3114 Parisiis
1498 3044 1692 3108 annis
1732 3041 2142 3123 1735.1746.
2197 3042 2359 3125 1776
2402 3043 2469 3103 in

992 3175 1061 3216 ιε).
1070 3199 1086 3214 .
1119 3150 1355 3261 edito;
1415 3147 1594 3210 idem
1637 3146 1871 3222 multa,
1936 3163 2099 3230 quae
2143 3143 2225 3207 ad
2283 3143 2468 3206 Iulia·

978 3277 1134 3316 num
1208 3253 1572 3338 pertinent,
1652 3248 1928 3312 inseruit
1988 3247 2177 3329 operi
2238 3244 2472 3307 alteri.

976 3362 1266 3421 Histoire
1317 3360 1396 3419 de
1442 3356 1665 3433 I‘Emp.
1713 3354 1938 3414 Iovien
1990 3347 2255 3411 Parisiis
2308 3346 2467 3429 1748

980 3472 1049 3523 et
1089 3453 1558 3520 Amstelodami
1611 3452 1770 3535 ¹750
1813 3450 1879 3511 in
1931 3470 2004 3512 ιιι
2051 3448 2336 3531 vulgato.
2381 3450 2469 3511 At

980 3561 1256 3643 optime,
1303 3573 1371 3620 ut
1405 3576 1532 3641 ego
1568 3555 1901 3631 existimo,
1946 3551 2028 3614 de
2067 3548 2299 3612 Iuliani
2329 3548 2469 3631 phi-

978 3660 1312 3745 losophia,
1361 3656 1834 3741 virtutibusque
1885 3664 1953 3716 et
2007 3651 2178 3716 vitiis
2225 3650 2469 3745 judica·

984 3765 1074 3828 vit
1115 3761 1457 3823 Eduardus
1499 3756 1760 3821 Gibbon
1803 3752 2054 3837 Anglus
2085 3755 2168 3834 ⁸.)

1106 3862 1290 3930 onr
1332 3865 1615 3937 Helena,
1661 3859 1744 3921 de
1788 3875 1916 3939 qua
1955 3852 2147 3918 infra.

1708 3957 1748 3997 ο

926 4080 930 4097 ²
980 4067 1082 4129 Ab
1117 4083 1284 4126 anno
1324 4065 1397 4124 V.
1437 4065 1497 4125 C.
1538 4004 1697 4124 5113
1740 4063 1816 4122 P.
1850 3998 1934 4120 X.
1969 4063 2114 4120 360.
2157 4058 2254 4119 ad
2287 4058 2361 4120 V.
2401 4055 2465 4120 C.

1305 4198 1310 4203 -
1425 4171 1587 4227 κισ
1630 4165 1703 4255 Ρ.
1750 4163 1835 4225 x.
1878 4164 2023 4222 363.

978 4372 1056 4433 A.
1257 4365 1693 4436 wmmvs,
1735 4358 1939 4432 Ave.

2182 423 2755 500 IVLIANVS
2821 371 2912 498 ιι.

2602 605 2677 665 Β.
2877 605 2957 667 D.
2998 604 3076 667 N.
3109 608 3540 676 IVLIANVS.
3562 610 3649 673 ιΡ.
3685 607 3760 677 F.
3797 613 3981 681 AVG

2600 711 2670 773 C.
2875 710 2957 770 D.
3020 709 3102 771 N.
3167 709 3302 775 FL.
3364 714 3804 781 IVLIANVS.
3869 717 3942 778 P.
4000 716 4084 782 F.

2881 810 3085 877 AVG.

2595 912 2678 971 D.
2877 911 2964 975 D.
3023 914 3104 975 N.
3179 914 3307 977 ct..
3367 915 3802 980 IVLIANVS.
3864 919 3937 984 P.
4000 919 4079 980 F.

2879 1012 3080 1077 AVG.
3168 1015 3311 1076 vel:
3416 1018 3545 1075 PP.
3635 1017 3835 1083 AVG.
3934 1022 4081 1084 vel:

2876 1113 3126 1177 PERP.
3215 1117 3416 1185 AVG.

2593 1212 2671 1297 E.
2876 1213 2956 1277 D.
3005 1217 3080 1274 N.
3129 1218 3263 1280 FL.
3309 1218 3443 1283 CL.
3501 1219 3937 1286 IVLIANVS.
3988 1221 4077 1285 1³.

2876 1313 2951 1377 F.
2996 1317 3196 1382 AVG.
3258 1321 3398 1383 vel:
3460 1322 3585 1382 1³1².
3633 1321 3833 1390 AVG.
3880 1324 4082 1388 etiam

2877 1417 3017 1477 sine
3064 1420 3145 1482 D.
3193 1421 3272 1482 N.

2588 1511 2666 1578 F.
2866 1518 2951 1581 D.
3010 1519 3089 1580 N.
3145 1519 4083 1608 C[.1VL1ANVS.SEMP.

2769 1701 2775 1716 ι
2868 1620 3069 1685 AVG.
3128 1623 3471 1707 (Ducange
3515 1627 3695 1688 Fam.
3694 1629 3901 1710 Byz.
3950 1630 4083 1695 tab.

2872 1720 3078 1801 XIV)

2719 1920 2926 2002 Caput
2972 1923 3253 1986 cinctum
3309 1925 3670 1994 diademate
3724 1917 4087 2013 gemmato.

2591 2020 2890 2084 Diximus
2923 2046 3145 2106 supra,
3191 2029 3540 2106 lulianum,
3588 2032 3890 2116 quamdiu
3921 2034 4081 2096 Cae-

2593 2142 2698 2185 sar
2732 2127 2901 2197 erat,
2939 2128 3030 2187 uti
3062 2127 3425 2193 diademate
3460 2154 3587 2194 non
3623 2134 3905 2198 solitum.
3942 2134 4083 2198 -Ge-

2592 2237 2794 2286 stasse
2839 2225 3039 2302 illud,
3085 2248 3167 2289 ex
3204 2251 3333 2314 quo
3376 2227 3702 2317 Augustus
3739 2235 3896 2309 fuit,
3943 2256 4077 2297 non

2589 2326 2769 2385 numi
2832 2325 3027 2388 modo
3083 2343 3436 2411 testantur,
3504 2335 3620 2396 sed
3678 2350 3747 2398 et
3799 2337 4081 2400 Ammia·
4131 2405 4135 2409 ,

2589 2447 2711 2488 nus
2742 2424 2838 2506 ¹²).
2888 2433 3408 2513 Qui'nquennalm
3437 2440 3925 2518 Auyustusjam
3948 2443 4081 2501 edi·

2588 2532 2718 2603 dit,
2749 2540 2813 2590 et
2839 2534 3175 2595 ambitioso
3204 2537 3566 2599 diademate
3591 2542 3887 2602 utebatur
3909 2544 4078 2618 lapi-

2587 2631 2738 2690 dum
2764 2634 3026 2712 fulqore
3057 2637 3392 2711 distincto,
3438 2658 3580 2700 cum
3609 2643 3774 2700 inter
3804 2645 4082 2702 exordia

2578 2733 2984 2811 principatus
3018 2738 3357 2815 adsumpta
3391 2741 3512 2799 vili
3548 2759 3786 2803 corona
3814 2745 3988 2803 circu
3992 2762 4087 2802 m·

2586 2836 2847 2895 daretur
2872 2841 3256 2915 xystarchae
3279 2840 3512 2900 similis
3528 2853 3905 2920 purpurato.
3944 2840 4081 2904 Sed

2591 2933 2784 2997 vilem
2823 2934 2987 2997 hanc
3021 2954 3331 3000 coronam
3364 2938 3429 2999 in
3465 2939 3925 3019 ejusCaesaris
3964 2964 4085 3004 nu-

2584 3033 2707 3096 mis
2751 3036 2977 3099 videre
3025 3036 3313 3099 nondum
3358 3039 3561 3103 licuit.

2712 3136 2875 3198 Cum
2934 3138 3221 3219 privatus
3282 3140 3490 3203 adhuc
3548 3138 3754 3216 esset,
3794 3141 4127 3219 ,bat-bam,

2584 3234 2775 3312 aluit,
2839 3238 2956 3301 sed
3014 3242 3355 3305 attondere
3417 3262 3558 3304 eam
3617 3244 3867 3327 jussus,
3927 3264 4084 3310 cum

2586 3338 2668 3402 ad
2717 3338 3099 3402 Caesaream
3148 3341 3530 3426 dignitatem
3583 3360 3962 3423 vocaretur,
4007 3362 4092 3409 ut

2581 3441 2822 3502 fatetur
2876 3444 3015 3524 ipse
3051 3443 3148 3521 ⁰).‚
3211 3444 3512 3513 barbatus
3574 3445 3639 3506 in
3701 3449 3949 3521 naumis,
4006 3448 4087 3511 in

2583 3543 2815 3625 quibus
2878 3544 3115 3606 Caesar
3175 3543 3448 3622 dicitur,
3524 3567 3656 3608 non
3717 3551 4086 3633 comparet.

2579 3640 2780 3705 Numi
2829 3646 2967 3726 ejus
2986 3690 3029 3720 ,-
3063 3644 3374 3730 deinceps
3423 3648 3737 3730 Augusti,
3798 3665 3903 3712 aut
3958 3651 4087 3713 im-

2456 3792 2459 3795 -
2562 3744 2854 3809 'herbem
2914 3748 3332 3824 illum,‘aut‚
3405 3748 3582 3832 quod
3642 3751 3929 3832 saepius,
3991 3753 4074 3815 li·

2578 3840 2894 3910 beraliter
2980 3846 3318 3912 barbatum
3404 3851 3657 3912 sistunt.
3776 3853 4077 3918 Dubium

2579 3967 2716 4011 non
2758 3966 2889 4026 est,
2937 3952 3191 4033 prioris·
3215 3952 3476 4032 generis
3511 3971 3742 4015 numos
3781 3952 3861 4016 ad
3896 3954 4084 4037 prin-

2583 4050 2752 4134 cipia
2810 4052 3072 4134 imperii
3133 4054 3503 4136 pertinere,
3577 4054 3833 4140 quando
3901 4058 4083 4119 anci-

2579 4151 2717 4235 pite
2784 4142 3025 4217 adbuc
3064 4176 3178 4218 sua
3246 4154 3543 4230 fortuna,
3632 4168 3698 4217 et
3782 4156 4083 4221 nondum

2581 4254 2818 4318 omissa
2876 4254 3266 4319 concordiae
3329 4264 3477 4319 cum
3525 4256 4086 4341 Constantiospo

2579 4370 2853 4440 recepto
2918 4360 3128 4422 cultu‘
3160 4357 3256 4422 uti
3315 4357 3635 4435 malebam
3678 4380 3843 4445 quae
3881 4380 4081 4427 causa

975 4498 4084 4538 „mm-⁸*-

1053 4604 1116 4672 a)
1148 4598 1275 4658 The
1305 4597 1545 4674 History
1572 4595 1629 4652 oi
1659 4580 1772 4651 the
1790 4590 2021 4651 decline
2050 4588 2170 4650 and
2199 4588 2305 4648 sall
2333 4590 2402 4648 of
2420 4589 2518 4650 the
2544 4589 2715 4650 Rom.
2746 4585 2973 4666 empire
3001 4587 3191 4667 chap.
3207 4589 3368 4685 XIX.
3397 4621 3471 4634 -
3498 4589 3715 4653 XXIV.

859 4732 863 4736 -
972 4689 1190 4753 XXI·-

1281 4684 1615 4763 ’0)αά8.
1655 4686 1718 4746 Ρ.
1760 4685 1830 4758 Q.
1867 4680 2079 4742 Athen.
2117 4702 2181 4763 p.
2217 4674 2345 4748 274.
2448 4762 2451 4769 ⁴

3884 4585 3973 4666 h),
4008 4591 4079 4651 1..
