4388 5576
888 571 1036 641 DE
1100 514 2161 677 losEPHonARIO
2210 568 2706 644 ECRHEL.
3273 588 3349 636 nx

258 733 466 809 Ordo
497 712 802 811 'accedat
835 763 1144 813 necesse
1184 758 1318 835 est,
1373 763 1592 837 quem
1623 743 1813 813 ratio
1851 740 2009 813 sola
2048 758 2300 841 potest
2336 740 2637 814 inferre.
2690 734 3086 817 Methodus
3131 740 3350 838 igitur

258 869 333 939 in
376 870 685 947 scientia
719 873 830 946 rei
873 873 1249 947 numeriae
1285 899 1528 973 aeque
1558 874 1975 948 neccssaria
2019 892 2175 965 est,
2224 899 2314 948 ac
2349 875 2427 945 in
2468 874 2728 972 quavis
2759 874 3107 956 historiae
3141 891 3350 949 natu·

254 1003 424 1077 ralis
477 1023 708 1104 parte.
776 1008 964 1080 Nam
1020 1024 1102 1079 ut
1154 1007 1234 1078 in
1284 1008 1593 1081 historia
1646 1007 1960 1083 naturali
2018 1034 2163 1109 ope
2207 1026 2576 1083 certorum
2623 1008 3124 1082 characterum
3177 1030 3242 1078 v.
3280 1032 3348 1104 g.

252 1135 579 1210 dentium
624 1139 698 1209 in
751 1140 1263 1229 mammiferis,
1338 1141 1727 1239 pinnarum
1791 1143 1867 1213 in
1912 1144 2277 1242 piscibuS,
2329 1134 2769 1242 organorum
2824 1139 3229 1213 serualium
3274 1140 3350 1210 in

236 1267 559 1364 plantis,
611 1271 838 1346 facile
895 1273 1325 1370 dignoscas,
1379 1275 1473 1346 ad
1524 1299 1740 1372 quam
1797 1277 2117 1373 speciem
2155 1247 2424 1373 corpus
2474 1274 2775 1371 aliquod
2810 1275 3200 1372 pertineat,
3246 1273 3346 1344 ita

245 1400 323 1469 in
366 1421 661 1476 moneta
694 1429 842 1503 ope
882 1423 1246 1478 certorum
1292 1408 1820 1496 characterum,
1873 1407 1980 1479 uti
2004 1407 2322 1497 metalli,
2375 1407 2728 1493 fabricae,
2780 1406 2981 1505 typi,
3033 1406 3209 1504 styli
3271 1423 3349 1477 et

246 1532 771 1632 inscriptioniS,
815 1539 1033 1612 facile
1069 1516 1539 1630 determines,
1583 1542 1719 1616 cui·
1738 1542 1927 1628 urbi,
1959 1541 2078 1616 cui
2117 1543 2279 1641 regi
2314 1539 2828 1638 imperatorive
2869 1536 3348 1637 adjudicandi

241 1665 394 1739 sint
429 1667 702 1769 singuli
743 1673 967 1745 numi.
1004 1676 1159 1747 Iam
1198 1670 1522 1748 studium
1560 1675 1821 1749 horum
1859 1675 2360 1751 characterum
2406 1672 2637 1748 efficit
2663 1669 3023 1745 theoriam
3066 1670 3343 1744 numis-

242 1800 603 1892 maticam,
643 1832 834 1904 quae
866 1806 960 1881 ad
1014 1809 1531 1911 dijudicandos
1583 1830 1659 1883 et
1692 1810 1767 1881 in
1808 1809 2079 1884 classes
2125 1809 2575 1907 redigendos
2615 1830 2878 1879 numos
2919 1829 3074 1876 non
3100 1805 3340 1877 minus

239 1937 657 2011 necessaria
703 1960 836 2028 est,
889 1966 1112 2040 quam
1159 1945 1550 2018 methodus
1593 1944 1937 2019 butanica
1967 1945 2060 2018 ad
2104 1940 2698 2017 determinandas
2740 1936 3338 2035 ordinandasque

236 2067 549 2167 plantas.
609 2074 891 2174 Quodsi
927 2102 1110 2175 ergo
1148 2076 1672 2151 celeberrimus
1696 2079 2022 2152 Linneus
2076 2102 2353 2150 nomen
2398 2055 2944 2149 Restauratoris
2985 2070 3338 2143 historiae

236 2204 588 2279 naturalis
634 2209 799 2304 jure
851 2210 1291 2308 promeritus
1331 2227 1480 2299 est,
1530 2211 1996 2284 doctissimus
2032 2211 2315 2283 Eckhel
2355 2228 2657 2298 noster,
2700 2203 3174 2307 systematico
3216 2228 3336 2275 or-

232 2334 410 2411 dine
453 2338 531 2408 in
573 2364 653 2411 re
695 2343 1026 2416 num'aria
1069 2343 1521 2433 introductu,
1551 2368 1799 2443 parem
1847 2345 2159 2445 palmam
2196 2343 2338 2416 sibi
2375 2343 2682 2416 ‘evicisse
2725 2336 3101 2438 putandus
3147 2351 3283 2410 est.

427 2473 515 2541 In
558 2472 1066 2549 distribuendo
1106 2477 1757 2574 describendoque
1787 2480 2047 2549 Museo
2076 2476 2490 2550 Viennensi
2522 2477 2889 2561 Caesareo
2938 2488 3178 2545 autem
3216 2492 3334 2541 se-

229 2617 506 2699 quntus
546 2622 659 2678 est
692 2607 1026 2681 ordinem
1056 2609 1275 2683 hunc.
1327 2610 1646 2681 Primum
1683 2609 2064 2682 universos
2099 2633 2368 2681 numos
2402 2610 2481 2680 in
2519 2608 2698 2682 duas
2743 2607 3015 2681 classes
3064 2602 3330 2739 divisit,

231 2736 585 2812 scilicet
561 2764 641 2810 in
679 2766 944 2815 numos
985 2741 1336 2815 urbium
1382 2760 1456 2816 et
1495 2743 1571 2815 in
1613 2768 1875 2817 numos
1912 2744 2385 2818 Romanos.

423 2874 613 2944 Tum
653 2875 940 2947 urbium
980 2901 1244 2951 numos
1297 2876 1703 2951 secundum
1752 2861 2091 2981 ordinem
2146 2875 2722 2976 geographicum
2779 2873 3193 2973 disposuit,
3248 2890 3325 2945 et

170 3039 177 3045 ·
225 3005 628 3077 secundum
677 3009 1097 3103 provincias
1138 3009 1565 3104 subdivisit3
1620 3012 2069 3110 singularum
2110 3035 2294 3090 vero
2322 3010 2863 3107 provinciarum
2910 3008 3135 3080 urbes
3203 3032 3324 3078 or-

226 3133 405 3207 dine
456 3137 931 3233 alphabetico
978 3142 1411 3230 collocavit,
1478 3168 1894 3240 regesque,
1951 3166 2272 3241 quorum
2321 3141 2584 3214 ditioni
2627 3141 3014 3241 subjectae
3084 3156 3319 3230 erant,

232 3266 495 3340 ordine
528 3268 1065 3369 chronologico
1100 3273 1505 3372 subjunxit.

418 3402 704 3474 Numos
753 3404 1314 3479 coloniarum
1353 3408 1529 3480 olim
1568 3406 1647 3478 in
1694 3431 1834 3478 usu
1883 3404 2128 3478 fuerat
2169 3421 2552 3503 separatos
2603 3403 3041 3500 disponere,
3096 3393 3322 3499 prout

228 3533 616 3632 inscriptio
658 3554 859 3610 esset
900 3538 1019 3610 vel
1053 3565 1320 3637 graeca
1361 3541 1475 3614 vel
1508 3540 1757 3614 latina.
1806 3542 1878 3614 A
1916 3564 2065 3638 quo
2107 3563 2244 3611 usu
2274 3537 2697 3610 Harduinus
2720 3536 2996 3636 primus
3039 3536 3318 3608 disces-

220 3667 320 3741 sit
359 3665 789 3745 et‘cunctos
849 3672 1302 3747 coloniarum
1358 3686 1620 3747 numos
1665 3674 1809 3746 sibi
1850 3672 2288 3747 coordinare
2332 3671 2669 3744 instituit.
2734 3669 3020 3743 Eclzhel
3066 3686 3314 3743 autem

217 3799 676 3875 coloniarum
715 3831 978 3878 numos
1017 3805 1261 3878 numis
1304 3807 1719 3880 autonomis
1750 3806 2268 3908 adjungendos
2309 3805 2610 3905 putavit,
2651 3821 3068 3903 propterea,
3107 3803 3314 3901 quod

217 3935 362 4009 hac
401 3937 688 4011 ratione
730 3941 960 4012 series
992 3940 1280 4013 urbium
1307 3941 1601 4039 plenior
1640 3941 2092 4014 redderetur.
2149 3940 2288 4012 Cui
2313 3939 2636 4040 ‘quidem
2697 3956 2967 4038 coepto
3017 3938 3314 4037 quiad-

215 4091 713 4163 versarentur,
762 4099 917 4146 non
964 4074 1364 4148 defuerunt
1403 4077 1523 4148 rei.
1555 4076 1929 4148 numeriae
1967 4090 2369 4147 sectatores
2393 4101 2416 4167 3
2469 4073 3020 4172 prudentissimi
3061 4089 3310 4146 tamen

208 4204 496 4300 quique
537 4208 613 4278 in
658 4226 906 4305 partes
926 4205 1414 4296 Eclthelianas
1446 4197 1801 4285 transiere
1852 4210 1990 4282 hac
2029 4208 2120 4281 de
2149 4232 2395 4297 causa,
2447 4208 2650 4305 quod
2684 4232 2855 4306 pars
2895 4231 3147 4281 aversa
3174 4208 3309 4277 hu-

208 4338 338 4439 jus
374 4358 715 4413 monetae
754 4342 913 4414 fere
954 4345 1182 4440 magis
1220 4348 1313 4419 ad
1353 4345 1575 4420 urbes
1615 4343 1955 4431 refertur,
1995 4367 2303 4440 quarum
2349 4342 2555 4439 jussu
2600 4341 2774 4412 olim
2818 4366 3037 4415 cusae
3065 4342 3310 4429 suere,

206 4493 436 4568 quam
480 4472 576 4544 ad
616 4475 1029 4576 principes,
1085 4505 1393 4576 quorum
1433 4465 1662 4553 facies
1699 4479 1775 4549 in
1810 4494 2021 4577 parte
2057 4475 2427 4549 anteriore
2474 4492 3025 4572 repraesentata
3060 4494 3198 4570 est.

162 4699 169 4704 .
404 4608 900 4681 Insularum
948 4637 1233 4700 numos,
1287 4640 1477 4711 quos
1516 4614 1925 4690 Pellerinus
1977 4608 2367 4711 sejunctim
2406 4609 2856 4683 mdinandos
2902 4630 3303 4711 putaverat,

158 4767 164 4772 ·
197 4736 490 4813 Eclthel
538 4758 790 4814 noster
830 4759 1185 4818 terrarum
1227 4748 1717 4847 adjacent-ium
1756 4745 1997 4827 numie
2039 4745 2445 4844 adjungere
2486 4744 2588 4820 Ob
2630 4761 3092 4824 θῦῦὃῑὸῐῑῖθΐη
3121 4750 3305 4822 utri·

197 4897 447 4972 usque
490 4893 832 4951 monetae
873 4878 1297 4956 affinitatem
1330 4882 1683 4958 malebat.

2467 5013 2516 5088 b
