4388 5576
1128 576 1284 651 AD
1349 576 1928 655 VOLVMEN
1989 583 2476 659 Pamvm.
2733 638 2736 639 ff
2875 557 2887 572 ’
3261 582 3349 676 1:5⁷,

255 757 576 807 terrarum
602 744 836 808 tractui
868 745 970 811 vir
996 744 1258 833 quidam
1287 769 1421 811 non
1454 748 1743 833 prudens

254 844 488 924 modo,
523 866 755 912 verum
787 849 1341 927 etiannum-iosus,
1372 853 1632 936 qualem
1671 853 1741 916 in

253 948 561 1016 Pausania
592 963 776 1013 nacta
807 963 906 1014 est
921 949 1217 1032 Graecia,
1238 953 1438 1038 quiin
1470 954 1742 1040 oppido·

247 1072 393 1117 rum
423 1052 815 1137 religionem
838 1098 856 1131 ,
886 1054 1348 1133 caerimonias,
1404 1056 1740 1142 antiquita·

249 1167 367 1232 tes,
394 1152 865 1239 opinionesque
899 1158 1254 1241 populares
1278 1157 1738 1242 inquisivisset,

133 1274 151 1293 ⁸
245 1269 435 1343 atque
469 1258 824 1337 memoriae
853 1258 1504 1345 mandassetsquippe
1535 1262 1615 1325 ad
1637 1282 1738 1324 ur-

242 1359 341 1422 bis
388 1361 638 1422 Romae
707 1360 1200 1443 amplitudinem
1249 1375 1319 1427 et
1385 1362 1734 1426 illecebras

242 1462 599 1525 vicinarum
646 1461 907 1524 urbium
970 1461 1210 1526 merito
1266 1485 1343 1528 ac
1385 1463 1599 1548 gloria
1647 1464 1737 1528 fa-

242 1564 539 1630 tiscente.
586 1562 874 1626 Dubium
902 1584 1034 1627 non
1065 1578 1202 1643 est,
1231 1565 1469 1649 junctis
1506 1567 1598 1628 sic
1634 1588 1737 1630 ca-

239 1665 478 1750 pitibus
512 1664 720 1729 Sileni
769 1678 839 1729 et
881 1665 1026 1749 apri
1070 1666 1351 1751 aliquam
1406 1669 1734 1732 contineri

238 1765 620 1851 allegoriam
644 1812 663 1844 ,
700 1767 880 1851 quod
915 1789 1044 1853 ego
1080 1784 1535 1854 argumentum
1577 1770 1733 1833 alibi

237 1868 561 1951 copiosius
616 1869 1029 1952 pertractavi.
1089 1871 1275 1953 (Vol.
1314 1872 1396 1939 V.
1447 1894 1513 1956 p.
1550 1874 1729 1955 217).

235 1971 460 2055 Capita
524 1971 722 2033 simili
762 1971 985 2049 ,modo
1060 1972 1420 2056 composita
1496 1972 1727 2039 videre

233 2093 426 2157 saepe
471 2086 571 2137 est
608 2074 676 2134 in
710 2073 986 2158 gemmis
1023 2075 1543 2152 veteribus,-sed
1584 2077 1726 2160 quis

231 2172 653 2252 inficiabitur,
708 2178 776 2239 in
834 2176 937 2239 his
987 2198 1248 2263 quoque
1295 2176 1494 2254 illud,
1552 2175 1729 2262 quod

231 2291 460 2341 contra
504 2290 775 2341 naturae
822 2278 1010 2362 leges
1070 2280 1355 2343 sociatur
1383 2325 1401 2357 ,
1463 2300 1726 2344 sensum

230 2380 514 2466 aliquem
560 2384 939 2463 mysticum,
978 2382 1523 2462 reconditamque
1574 2403 1726 2446 con-

228 2484 493 2547 tinere?
536 2485 740 2547 Forte
780 2483 988 2547 Sileni
1016 2498 1210 2569 caput
1246 2484 1489 2559 indicat
1528 2485 1727 2548 liber-

226 2600 428 2649 tatem
471 2584 707 2652 civium
754 2587 1058 2670 expensis
1109 2586 1223 2666 iis,
1279 2609 1443 2673 quae
1486 2588 1556 2649 in
1598 2587 1727 2652 hoo

228 2708 435 2772 opere
470 2689 736 2773 copiose
789 2688 873 2750 de
906 2689 1134 2751 Sileno
1175 2689 1497 2753 libertatis
1538 2710 1728 2774 argu-

228 2808 450 2857 mento
479 2791 779 2855 disserui.
815 2793 995 2872 (Vol.
1011 2794 1126 2860 IV.
1153 2813 1217 2875 p.
1242 2791 1426 2875 493.)
1456 2794 1543 2854 At
1569 2791 1726 2875 quid

224 2894 464 2958 deinde
504 2894 895 2979 significabit
927 2895 1310 2977 conjunctus
1342 2897 1545 2978 aper?

352 2997 538 3086 Quae
574 2996 771 3059 modo
811 2996 1168 3079 disputavi,
1221 2997 1521 3060 inserere
1567 2998 1719 3061 loco

221 3118 340 3160 suo
371 3119 503 3159 non
545 3100 749 3182 potui,
777 3097 926 3180 quia
957 3099 1269 3162 volumen
1301 3101 1350 3163 1.
1388 3099 1720 3180 vulgatum

220 3211 370 3262 ante
402 3198 526 3260 fuit
548 3242 564 3274 ,
605 3219 795 3281 quam
826 3198 1053 3263 videre
1086 3189 1509 3282 ,praeclarum
1549 3201 1720 3262 hunc

218 3300 560 3363 numulum
599 3301 914 3364 licuisset.
956 3300 1354 3384 Nuperrime
1400 3299 1589 3363 binos
1641 3300 1721 3362 si·

217 3403 410 3465 miles
457 3423 540 3466 ex
580 3421 807 3466 museo
861 3424 989 3467 em.
1021 3402 1214 3466 Card.
1248 3402 1532 3486 Borgiae
1580 3403 1721 3466 vul·

218 3503 397 3589 gavit
447 3503 641 3568 abbas
683 3505 1001 3570 Sestinus.
1062 3507 1367 3589 (Lettere
1413 3507 1494 3571 T.
1523 3505 1606 3574 V·
1644 3526 1716 3589 p.

216 3607 525 3691 xxxll.)

510 3796 582 3858 P.
611 3810 750 3855 ιοι.
787 3792 910 3856 col.
931 3809 990 3857 2.
1014 3805 1169 3875 post
1198 3795 1318 3859 tin.
1347 3801 1441 3869 ¹4·

350 3912 578 3976 Serius
611 3926 840 3976 auctor
866 3934 945 3977 se
977 3913 1351 3978 retractavit
1372 3957 1391 3991 ,
1421 3932 1715 3976 numum·

213 4036 347 4101 que
406 4014 582 4078 hunc
643 4035 789 4080 esse
853 4016 1071 4100 potius
1126 4015 1353 4078 Asculi
1407 4015 1711 4100 conjecit.

215 4120 527 4199 [Lettere
565 4119 647 4182 Τ.
677 4119 762 4186 V.
789 4140 852 4203 p.
884 4120 1275 4200 XXXVIII.)

350 4388 361 4394 „
478 4326 551 4385 P.
579 4342 720 4422 toi.
757 4324 882 4387 col.
910 4340 970 4385 2.
1006 4337 1163 4407 post
1198 4324 1318 4387 lin.
1349 4331 1445 4397 14.

570 4485 1356 4548 VELITRA‘E.

340 4625 675 4712 Oppidum
723 4627 790 4689 in
823 4627 1117 4704 Volscis.
1174 4630 1277 4693 De
1314 4605 1519 4695 numo
1564 4630 1706 4713 ejus

200 4728 525 4814 plumbeo
556 4744 790 4816 agetur
818 4730 972 4797 Vol.
1003 4731 1176 4796 Vlll.
1211 4732 1275 4793 in
1309 4745 1582 4798 tractatu
1619 4733 1701 4796 de

198 4832 737 4897 Pseudomoneta
771 4853 837 4915 p.
867 4831 1011 4910 31q.

2239 757 2309 820 P.
2341 754 2477 820 103.
2515 756 2640 819 col.
2668 773 2727 820 2.
2761 756 2880 819 lin.
2909 775 2968 822 2.

1984 874 2124 941 Hos
2170 860 2404 940 numos
2451 895 2608 940 vere
2658 896 2804 940 esse
2845 878 3345 960 Frentanorum,

1855 977 2076 1061 paullo
2110 978 2281 1043 infra
2316 977 2749 1044 monebimus.
2833 1008 2842 1011 ·

2055 1149 2129 1211 Ρ.
2162 1168 2300 1231 ¹⁰7·
2336 1157 2495 1230 post
2530 1147 2664 1211 FB
2680 1146 3147 1213 ENTANJ.

1977 1265 2320 1329 Frentanis
2364 1284 2631 1328 numum
2682 1280 3068 1351 sequentem
3117 1268 3344 1331 tribuit

1852 1365 2046 1429 abbas
2122 1369 2437 1434 Sestinus.
2524 1367 2833 1450 (Lettere
2894 1372 3084 1436 Tom.
3128 1372 3211 1438 V.
3278 1392 3345 1453 Ρ.

1851 1464 2181 1550 xxxm.)
2749 1525 2753 1528 ⁴

1975 1564 2482 1636 HRGTVHGS.
2522 1570 2740 1655 Caput
2758 1570 3085 1635 Μσνοιινίἰ
3110 1584 3343 1655 petaso
3377 1630 3378 1633 ,

1840 1683 2117 1741 tectum.
2188 1670 2238 1733 Ξῖ
2295 1674 2541 1735 Eadem
2591 1671 2968 1756 epigraphe.
3044 1676 3341 1755 Pegasus

1845 1774 2131 1851 saliens,
2177 1775 2360 1857 itfia
2393 1794 2585 1854 quem
2619 1777 2854 1855 tripus.
2897 1772 3040 1837 ΑΕ.
3075 1776 3181 1837 111.

1971 1875 2183 1959 Hujus
2212 1875 2413 1954 numi,
2447 1895 2643 1961 quem
2672 1873 2798 1956 jam
2833 1874 2991 1936 olim
3019 1874 3340 1952 Rhellius,

1844 1975 1963 2041 sed
1992 1977 2233 2043 vitiatis
2263 1978 2511 2063 aliquot
2543 1975 2936 2061 epigraphes
2966 1976 3177 2041 literis
3205 1977 3342 2041 edi·
3469 1994 3480 2007 ⁸

1843 2078 1973 2157 dit,
2019 2079 2189 2143 binis
2227 2081 2394 2144 locis
2439 2078 2743 2156 memini,
2792 2092 2984 2164 atque
3029 2100 3162 2143 nno
3204 2080 3341 2165 qui-

1843 2180 1995 2245 dem
2016 2184 2119 2265 (V
2121 2184 2210 2249 ol.
2238 2185 2287 2248 1.
2323 2205 2385 2267 p.
2416 2184 2596 2265 ιω),
2639 2181 3215 2246 commemorando
3243 2183 3341 2265 jn-

1843 2282 2085 2348 dicium
2144 2285 2229 2347 cl.
2273 2283 2537 2361 Lanzii,
2599 2285 2775 2347 hune
2832 2305 3100 2347 numum
3156 2284 3339 2347 tenui

1844 2387 2223 2469 conjectura
2274 2387 2534 2449 Pentris
2587 2386 2834 2451 Samnii
2887 2384 3335 2469 adjudicantis.

1843 2488 1995 2552 Alio
2033 2491 2213 2572 (pag.
2242 2511 2264 2550 ι
2286 2490 2424 2569 iq),
2461 2509 2590 2572 quo
2623 2503 2691 2551 et
2725 2490 2868 2572 ipse
2902 2488 3337 2571 conjeceram,

1844 2612 1997 2655 eum
2051 2589 2672 2667 videri'Fre‘ntanis
2704 2590 2904 2652 tribui
2955 2609 3154 2675 posse
3176 2635 3193 2668 ,
3251 2589 3334 2653 de
3395 2584 3406 2588 ”

1842 2694 2025 2778 cujus
2055 2695 2183 2776 jam
2211 2693 2485 2755 veritate
2519 2691 2800 2755 dubitari
2834 2711 2968 2755 non
2996 2700 3191 2775 posse
3226 2690 3334 2754 ad-
3407 2721 3410 2724 ⁴

1840 2797 2056 2861 firmat
2085 2795 2189 2863 vir
2223 2794 2543 2861 eruditus.

2106 2986 2181 3046 P.
2212 3004 2236 3043 1
2254 2982 2350 3047 18.
2389 2981 2513 3047 col.
2539 2999 2598 3045 s.
2628 2992 2788 3063 post
2814 2981 2937 3045 lin.
2962 2978 3064 3042 28.

1963 3102 2285 3164 Sestinius
2305 3101 2382 3162 -in
2415 3102 2548 3164 suis
2580 3101 2781 3164 Class.
2811 3121 2966 3183 gen.
2997 3101 3074 3163 P.
3097 3101 3177 3162 11.
3204 3099 3331 3180 ΡΛ)

1820 3213 1903 3294 ρεἰ
1934 3221 1974 3283 q
2010 3202 2098 3262 ait
2139 3200 2313 3264 hunc
2360 3222 2627 3263 numum
2678 3221 2824 3263 esse
2857 3198 3121 3283 Aquini.
3170 3201 3331 3261 Cau-

1833 3324 1971 3365 sam
2007 3322 2140 3364 non
2177 3301 2378 3366 addit.
2438 3302 2640 3365 Forte
2680 3322 2825 3365 eam
2858 3300 3075 3365 adfert
3109 3300 3178 3361 in
3213 3323 3329 3365 sua

1834 3402 2210 3487 Descriptio
2242 3423 2417 3465 num.
2446 3416 2576 3468 vet.

2196 3590 2262 3651 P.
2294 3605 2433 3669 nt).
2483 3587 2607 3658 col.
2632 3604 2692 3651 2.
2727 3587 2849 3652 lin.
2880 3608 2976 3677 ¹7·

1949 3665 2099 3773 *Hos
2130 3727 2360 3771 numos
2395 3726 2540 3770 esse
2570 3708 3070 3784 Frentanorum,
3101 3709 3322 3792 paullo

1832 3835 2027 3897 supra
2044 3812 2112 3875 in
2131 3812 2229 3875 his
2250 3809 2563 3874 addendis
2583 3808 2919 3873 docuimus
2941 3809 3054 3893 (ad
3069 3831 3134 3894 p.
3147 3833 3169 3871 ι
3183 3813 3322 3895 οη.)

2111 4000 2185 4064 Ρ.
2217 4014 2356 4081 127.
2396 3997 2519 4059 col.
2551 4018 2604 4061 ι.
2640 4005 2797 4077 post
2835 3996 2953 4058 lin.
2980 3998 3042 4061 ὁ.

1911 4121 2142 4204 Nuper
2192 4120 2280 4182 cl.
2312 4115 2630 4206 Sestinius
2664 4113 2848 4178 ¹facili
2890 4136 3095 4197 opera
3137 4137 3318 4182 rese-

1816 4221 1966 4289 cari
2010 4241 2205 4305 posse
2252 4217 2704 4281 difficultatem
2756 4216 3146 4284 existimavit
3192 4234 3317 4284 sta-

1822 4322 2103 4400 tuendo,
2149 4318 2302 4385 OM
2334 4322 2614 4404 positum
2650 4340 2795 4382 esse
2829 4338 2953 4401 pro
2988 4315 3141 4387 ΟΣ.
3204 4323 3314 4383 Ni-

1820 4428 2057 4490 mirum
2084 4447 2155 4486 το
2175 4420 2264 4486 M
2292 4446 2355 4489 v.
2379 4443 2444 4508 g.
2473 4422 2542 4483 in
2564 4420 3076 4490 VOLRANOM
3101 4437 3316 4487 etrus*-

1821 4541 2045 4591 catum
2076 4539 2287 4611 putat,
2339 4539 2408 4588 et
2443 4525 2666 4589 valere
2702 4526 2783 4604 S,
2819 4523 2912 4589 ·ad
2952 4526 3114 4589 haec
3158 4545 3309 4588 con·

1819 4643 1992 4693 stare
2039 4649 2189 4693 cum
2242 4647 2325 4691 ex
2369 4628 2616 4705 numis‚
2675 4642 2811 4691 tum
2869 4629 3308 4691 monumentis

1816 4733 1991 4809 aliis,
2034 4752 2166 4795 non
2201 4752 2350 4794 raro
2390 4734 2788 4794 clementum
2817 4728 2906 4792 M
2943 4731 3304 4816 potentiam

1814 4857 1918 4897 του
1964 4829 2033 4896 Σ
2082 4823 2410 4900 habuisse.
2470 4833 2877 4919 (Descriptio
2919 4855 2986 4918 Ρ.
3022 4855 3081 4916 q.
3127 4835 3302 4916 seq.)

2887 5219 2928 5240 Ν...
