4388 5576
986 431 1167 525 ·'‘s³o

1023 618 1146 690 ἔτει
1184 614 1254 700 ⁴¹)
1308 610 1614 676 ὖπατευω
1660 602 1871 689 δοξαν,
1915 607 2035 672 ὁτί
2051 628 2166 670 των
2205 605 2518 674 dnm-m„

1028 723 1141 780 rm
1174 739 1359 800 τιμας
1390 714 1680 797 ἔσχηκα,
1726 710 1868 792 ὄντες
1905 711 2003 773 ἐπι
2034 735 2108 772 τυ
2147 705 2387 790 Σεβηρκ
2419 715 2520 789 de·

1026 822 1271 904 ξαμενον
1312 840 1408 874 και
1455 813 1485 876 ὁ
1537 812 1664 889 ὖιος
1719 812 1867 876 olm-s
1902 810 2278 890 ἐπεκοιηκη,
2322 836 2525 897 quan-

1032 942 1227 1005 quam
1278 923 1415 999 ipse
1464 915 1857 998 (Macrinus)
1904 918 2162 978 nolebat
2208 936 2380 978 anuo
2440 935 2533 977 η·

976 1105 981 1112 .
1037 1033 1265 1108 quente
1319 1023 1545 1082 consul
1601 1023 1829 1081 iterum
1885 1019 2094 1077 videri
2111 1060 2129 1091 ,
2187 1029 2534 1096 propterea

1035 1127 1214 1208 quod
1257 1131 1634 1185 ornamenta
1680 1122 2053 1183 consularia
2100 1121 2372 1196 adeptus
2416 1132 2530 1193 est,

1038 1230 1215 1310 quod
1272 1226 1527 1314 quidem
1580 1232 1865 1301 coeptum
1922 1221 2038 1279 sub
2090 1220 2330 1282 Severo
2391 1223 2532 1296 ejus

1036 1345 1290 1411 quoque
1321 1328 1501 1406 filius
1543 1322 2045 1385 retinuit.1am
2076 1340 2242 1382 vero
2268 1334 2336 1383 et
2372 1318 2531 1380 mul·

1038 1443 1111 1493 to
1148 1439 1295 1489 ante
1334 1425 1512 1487 idem
1549 1425 1678 1486 Dio
1714 1423 2205 1496 observaverat,
2254 1420 2533 1503 primum

1042 1531 1360 1594 Severum
1381 1573 1399 1605 ,
1433 1547 1580 1588 cum
1616 1524 1955 1586 Plautiano
1985 1522 2275 1587 honores
2305 1542 2538 1585 consu-

1035 1633 1213 1695 lares
1264 1628 1630 1702 tribuisset,
1687 1645 1969 1708 eumque
2010 1623 2261 1688 ,deinde
2310 1644 2541 1688 consu-

1036 1734 1173 1796 lem
1208 1723 1645 1811 designasset,
1678 1730 2012 1790 consulem
2044 1731 2278 1790 iterum
2303 1748 2539 1791 renun-

1042 1834 1202 1899 ciari
1233 1832 1540 1916 jussisse,
1587 1829 1763 1915 quod
1800 1843 2065 1913 postea,
2112 1829 2232 1902 ait3
2280 1829 2359 1892 ab
2394 1828 2537 1891 aliis

1036 1956 1298 2022 quoque
1342 1932 1581 1995 factum
1633 1931 1757 1993 fuit
1789 1934 1868 2011 ι).
1958 1935 2060 1993 Ex
2099 1931 2228 1993 hoc
2267 1931 2536 1993 oraculo

1037 2039 1189 2101 bina
1224 2035 1626 2118 colligimus,
1672 2036 1719 2093 Ι.
1758 2031 2034 2094 valuisse
2067 2047 2201 2093 tum
2241 2052 2321 2094 ex
2358 2033 2539 2100 insti·

1036 2156 1179 2205 tuto
1241 2138 1477 2202 Severi
1539 2147 1921 2198 ornamenta
1984 2132 2351 2197 consularia
2412 2154 2534 2214 pro

1036 2244 1182 2328 ipso
1228 2241 1602 2313 consulatu,
1650 2237 1727 2297 11.
1766 2234 2130 2298 Macrinum
2174 2235 2349 2297 hunc
2401 2256 2537 2298 mo-

1033 2365 1176 2408 rem
1207 2345 1272 2404 in
1304 2363 1374 2404 se
1407 2338 1743 2403 observari
1775 2337 2090 2402 noluisse.
2134 2339 2350 2421 Atque
2381 2336 2557 2400 hinc‘

1034 2458 1287 2511 certum
1350 2456 1486 2516 est,
1555 2442 1951 2503 monetarios
2014 2441 2132 2501 hos
2187 2452 2531 2522 receptum

1032 2568 1284 2611 morem
1312 2591 1328 2621 ,
1372 2545 1535 2608 alios
1574 2543 1952 2623 imperantis
1992 2543 2392 2606 voluntatem
2432 2561 2533 2605 se-

1029 2663 1251 2723 cutos,
1299 2668 1462 2730 quae
1516 2645 1794 2707 fortasse
1844 2643 2181 2728 praecepti
2231 2645 2529 2726 rigorem

1028 2771 1163 2814 non
1214 2748 1554 2822 habuerit,
1617 2746 1774 2830 ipsis
1832 2747 2023 2809 etiam
2079 2744 2570 2824 consularibus

1029 2874 1174 2917 eam
1203 2851 1568 2934 adimplere
1599 2846 2214 2929 tergiversantibus,
2249 2867 2527 2933 quorum

1026 2952 1370 3020 ambitioni
1416 2950 1745 3027 Macrinus
1789 2960 1963 3016 novo
2003 2950 2132 3014 hoc
2180 2970 2301 3014 suo
2350 2949 2531 3014 insti·
2581 3038 2584 3041 -

1029 3069 1175 3120 tuto
1217 3042 1387 3117 maie
1436 3044 1787 3118 consuluit.

1155 3160 1227 3219 In
1282 3177 1478 3220 numo
1521 3155 1934 3218 Antiocheno
1980 3152 2312 3218 Macrinus
2369 3150 2527 3215 dici·

1026 3275 1135 3323 tur
1165 3256 1525 3322 ΤΠΑΤΟ.
1555 3254 1634 3319 Γ.
1669 3261 1867 3340 (Mus.
1904 3257 2089 3320 Caes.
2125 3255 2358 3339 Vaill.)
2392 3254 2526 3318 Sed

1025 3359 1388 3429 serisimile
1442 3373 1585 3443 est,
1659 3358 2033 3433 matricem,
2108 3377 2274 3442 quae
2334 3358 2528 3419 Cara-

939 3451 943 3455 .
1024 3465 1231 3530 callae
1303 3461 1555 3538 fuerat,
1634 3481 1833 3523 numo
1896 3458 2174 3522 Macrini
2245 3459 2525 3544 applica·

952 3580 961 3591 “
1023 3582 1187 3643 tam,
1220 3563 1422 3648 ·quod
1467 3564 1681 3648 ipsum
1725 3562 2015 3648 apertius
2058 3554 2302 3628 docent
2344 3563 2522 3624 numi

1026 3666 1551 3732 Diadumeniani.

2305 421 2699 500 CAPVT
2764 421 2860 500 X.

3002 610 3770 674 ELAGABALVS.

2772 812 3159 877 Consulatus
3195 810 3536 894 Elagabsli
3581 823 3862 892 quatuor
3910 813 3975 872 in
4009 833 4147 876 mo·

2645 898 2975 978 numentis
3018 927 3489 979 memorantur.
3562 911 3823 978 Primus
3865 917 4018 976 anui
4065 916 4143 981 V.

2649 1018 2723 1082 C.
2766 1036 2880 1100 97¹
2937 1036 3132 1080 verus
3191 1036 3322 1078 non
3385 1014 3543 1098 fuit,
3604 1013 3974 1086 sednqu
4038 1017 4146 1080 he-

2648 1132 2878 1183 ctenus
2922 1119 3228 1203 exemplo
3274 1138 3397 1203 per
3440 1116 3570 1181 vim
3615 1115 3927 1182 intrusus.
3979 1118 4144 1181 Nan

2646 1241 2793 1283 cum
2855 1242 3091 1284 annum
3152 1221 3326 1281 hunc
3382 1218 3797 1300 aperuissent
3838 1220 4145 1284 consules

2645 1323 2974 1387 Macrinus
3065 1334 3132 1384 et
3216 1319 3593 1397 Adventus,
3678 1319 3781 1381 iili
3863 1321 4141 1385 subinde

2652 1425 2791 1488 acie
2857 1427 3032 1503 victo
3104 1420 3511 1486 consulatum
3584 1419 3962 1505 abrogavit,
4037 1443 4151 1486 no·

2657 1546 2955 1612 menque
2987 1546 3173 1589 suum
3219 1524 3396 1586 nulla
3456 1535 3718 1587 senatus
3764 1524 4147 1589 auctoritate

2656 1629 2723 1689 in
2767 1627 2969 1691 fastos
3013 1627 3314 1702 intrusit,
3372 1625 3648 1708 perinde
3691 1646 3767 1689 ac
3811 1627 3869 1689 si
3908 1627 4148 1690 Kalen·

2658 1728 2757 1792 dis'
2790 1733 2921 1792 Ian.
2966 1727 3370 1792 consulatum
3418 1728 3812 1812 suscepisset
3841 1726 3930 1808 b).
3980 1727 4150 1822 Qus-

2652 1851 2730 1894 re
2775 1852 2977 1895 annus
3020 1830 3129 1892 hic
3188 1832 3250 1889 in
3311 1830 3491 1904 fastis
3533 1834 3868 1894 Antonino
3911 1842 3980 1893 et
4018 1835 4151 1894 Aa·

2650 1945 2837 1997 vento
2880 1954 3007 1996 cos,
3058 1944 3313 1994 notatus
3356 1931 3710 2014 reperitur.
3758 1928 3958 2022 Quod
3998 1950 4148 1996 cun

2649 2054 2781 2095 non
2860 2038 3012 2098 satis
3091 2032 3544 2117 expenderent
3611 2034 4003 2111 Panvinius,
4077 2047 4151 2111 9²

2650 2137 2926 2220 Pagius‚
2987 2138 3114 2216 ille,
3161 2136 3426 2198 nomine
3486 2134 3806 2200 Antonini
3864 2134 4148 2220 intelligi

2647 2237 3270 2315 Diadumenianum‚
3332 2239 3439 2301 hic
3482 2237 3849 2301 Bacrinum
3908 2256 4150 2322 perpe·

2647 2359 2787 2402 ram
2846 2340 3222 2406 credidere.
3259 2403 3264 2408 .
3309 2340 3392 2406 V.
3438 2339 3510 2403 C.
3554 2357 3678 2422 972
3736 2340 4145 2408 consulatum

2647 2442 2730 2504 11.
2785 2442 2985 2504 adivit
3029 2440 3488 2518 Nicomediae,
3550 2442 3674 2524 973
3735 2435 4141 2506 consulatum

2647 2545 2760 2608 111.
2824 2545 3111 2619 Romae,
3174 2564 3376 2604 annus
3427 2545 3508 2613 V.
3564 2547 3638 2608 C.
3694 2553 3820 2624 974
3872 2545 4139 2618 vacavit,

2645 2659 2709 2710 at
2752 2647 3128 2727 designatus
3183 2646 3249 2707 in
3297 2666 3531 2708 annum
3576 2659 3965 2727 sequentem
4011 2649 4137 2729 975

2645 2749 2873 2816 consul
2933 2751 3045 2818 IV.
3108 2747 3386 2829 conlega
3431 2747 3810 2811 Alexandro
3860 2747 4139 2813 Caesare

2645 2850 3040 2917 consobrino
3102 2850 3344 2934 apertis
3401 2852 3528 2934 jam
3590 2852 3657 2913 in
3716 2851 3894 2913 hunc
3951 2851 4136 2926 odiis,

2645 2976 2790 3025 cum
2830 2968 3088 3045 tempus
3122 2954 3249 3037 jam
3288 2954 3581 3029 adesset,
3627 2952 4000 3035 procedere
4034 2974 4134 3017 re·

2641 3056 2812 3131 nuit,
2858 3069 2925 3117 et
2968 3070 3494 3139 perseverasset,
3538 3054 3664 3117 nisi
3695 3068 3947 3118 metum
3982 3053 4136 3139 injo-

2642 3158 2886 3222 cissent
2929 3158 3169 3217 milites
3203 3158 3286 3239 c).

2770 3248 2952 3323 Trih'.
2999 3272 3387 3343 potestatem
3433 3258 3514 3323 V.
3561 3256 3920 3341 Elagabalo
3975 3260 4131 3323 obti-

2641 3362 2853 3446 gisse,
2921 3362 3394 3435 indubitatum,
3457 3358 3911 3423 adserentibus
3989 3381 4123 3425 eam

2641 3483 2769 3524 non
2815 3464 3012 3524 modo
3058 3465 3271 3526 numis
3319 3462 3635 3547 copiosis,
3693 3462 3811 3526 sed
3859 3478 3926 3526 et
3971 3485 4130 3527 mar-

2640 3565 2954 3635 moribus.
3048 3566 3181 3628 Sed
3259 3564 3326 3625 id
3412 3565 3624 3647 ipsum
3702 3578 3881 3641 erat,
3959 3564 4130 3650 quod

2638 3688 3041 3730 summorum
3078 3649 3368 3732 virorum
3404 3667 3665 3750 ingenia
3701 3668 3992 3751 graviter
4026 3688 4131 3730 ex-

1096 4126 1153 4201 ⁵)
1209 4122 1347 4183 Non
1400 4139 1656 4224 possum·
1691 4118 1807 4176 hoc
1860 4117 1994 4175 Ioco
2047 4138 2169 4175 non
2208 4131 2264 4176 et
2303 4133 2542 4182 summe
2579 4123 2859 4195 laudare,
2912 4139 2970 4185 et
3008 4125 3286 4203 amplecti
3327 4124 3694 4226 praeclaram
3734 4128 4134 4202 conjecturam

1096 4276 1101 4279 v
1201 4212 1503 4281 Fabricii,
1557 4211 1659 4288 qui
1707 4208 1773 4267 in
1826 4219 2112 4285 corrupto
2163 4208 2276 4267 hoc
2315 4213 2524 4272 Dionis
2577 4214 2710 4272 loco
2763 4214 3078 4294 legendum
3126 4229 3328 4275 censet
3363 4231 3452 4290 τῳ
3486 4230 3715 4269 &morte
3744 4230 3900 4288 6781,
3956 4239 4134 4279 sensu

1199 4301 1600 4398 pronissimo,
1659 4311 1759 4359 et
1770 4319 1930 4356 nunc
1983 4298 2176 4355 numis
2232 4299 2408 4359 etism
2462 4306 2883 4383 comprobato,
2940 4319 3141 4364 contra
3193 4326 3378 4383 quam
3421 4309 3482 4366 in
3537 4307 3850 4366 codicibus
3905 4309 4140 4389 legatur

1200 4406 1290 4464 τῳ
1316 4380 1543 4445 εἰποντι
1577 4375 1707 4455 ἔτι,
1755 4388 1923 4445 nullo
1980 4407 2121 4445 sane
2174 4408 2386 4459 sensu,
2447 4407 2503 4452 et
2554 4415 2702 4470 quae
2754 4395 2930 4453 lectio
2984 4397 3101 4471 jam
3148 4397 3385 4474 pridem
3426 4398 3654 4456 criticis
3691 4411 3968 4478 suspecta
4005 4401 4137 4460 vis·

1201 4480 1329 4539 fuit.
1407 4479 1565 4540 Vide
1602 4492 1800 4538 notam
1839 4492 1910 4547 72
1950 4476 2031 4537 ad
2066 4479 2278 4541 Dionis
2314 4481 2539 4543 librum
2577 4486 2899 4547 LXXVIII.

1100 4692 1157 4762 a>
1198 4688 1262 4749 L.
1301 4687 1509 4749 xxm.
1550 4689 1596 4763 §-
1636 4692 1725 4755 46.

1931 4689 1999 4765 b)
2040 4690 2155 4751 mo
2194 4693 2258 4752 L.
2298 4693 2564 4757 Lxmx.
2607 4700 2657 4773 §-
2698 4706 2750 4763 a.

2954 4698 3016 4771 c)
3057 4696 3365 4776 Lamprid.
3405 4697 3469 4758 in
3503 4696 3747 4777 Elagab.
3797 4719 3848 4760 e»
3895 4709 3985 4765 15.
