4388 5576
932 417 1083 492 DF.
1169 405 2692 500 ΤΒΙΒνΝΙΤΙΑςΒοΤΕεΤΑΤΕ.

3103 479 3114 486 .
3220 421 3358 491 431

279 605 525 680 creuit,
586 622 734 666 cum
782 603 1112 664 rationem
1184 617 1313 658 non
1369 596 1771 678 reperirent,
1884 612 2012 676 quo
2041 594 2095 655 is
2116 612 2343 656 caesus
2382 607 2522 668 est,
2568 594 2697 654 duo
2718 605 2864 653 sunt
2896 575 3229 666 cardines,
3278 595 3370 653 in's
3414 605 3422 620 ⁴

282 729 407 791 qua
456 726 766 790 arrogare
811 705 933 767 sibi
990 702 1385 764 tribunatum
1419 700 1509 788 V.
1538 711 1770 782 potue·

281 812 406 885 rit,
453 811 563 891 qui
616 829 701 869 ne
763 801 1041 891 quatuor
1099 803 1363 889 quidem
1407 822 1610 862 annos
1653 801 1772 860 im-

274 909 579 997 perando
625 911 933 993 explevit.
1026 909 1097 970 si
1142 906 1515 988 Philippum
1563 906 1772 985 Arge-

285 1022 528 1093 lat-um,
591 1013 1011 1077 novissimum
1057 1005 1468 1073 Mediobarbi
1520 1006 1778 1067 restitu-

288 1136 547 1195 torem,
604 1116 857 1191 audias,
917 1123 1250 1173 momento
1311 1110 1499 1172 citius
1563 1127 1641 1168 ea
1694 1107 1776 1167 lis

291 1221 492 1285 finita.
536 1224 742 1283 ·Nam
790 1221 855 1278 in
906 1212 1469 1278 animadversione
1505 1209 1585 1270 ad
1633 1208 1780 1268 ulti·

291 1345 470 1387 mum
512 1320 851 1403 Elagabali
899 1337 1133 1380 annum
1185 1314 1449 1377 edicere
1496 1331 1627 1373 non
1671 1331 1781 1373 ve·

293 1441 511 1501 retur,
554 1442 789 1483 numos
827 1440 972 1481 cum
1014 1420 1153 1478 TR.
1190 1418 1264 1476 Ρ.
1296 1419 1374 1484 V.
1411 1413 1600 1476 COS.
1638 1414 1782 1474 1111.

294 1529 402 1589 vel
464 1524 856 1594 mendosos,
924 1519 1030 1581 vel
1087 1516 1488 1580 adulterinos
1547 1515 1782 1597 putari.

293 1632 478 1711 Ergo
529 1625 663 1702 illi,
724 1624 836 1708 qui
894 1642 1131 1705 novam
1174 1616 1589 1680 Mediobarhi
1646 1614 1780 1678 edi-

293 1733 542 1794 tionem
599 1738 1098 1810 procuraverat,
1163 1723 1371 1784 aditus
1433 1719 1515 1782 ad
1559 1736 1781 1780 musea

282 1832 780 1906 numismatica,
866 1848 1030 1911 quae
1106 1823 1505 1889 contrarium
1587 1820 1784 1882 docu-

294 1940 537 2012 issent,
578 1945 688 1997 aut
735 1950 870 1992 non
903 1928 1028 1990 fuit
1060 1926 1456 2011 permissus,
1500 1935 1610 1985 aut
1654 1941 1785 1982 non

298 2039 647 2124 quaesitus.
862 2040 869 2044 ’

429 2142 791 2219 Antequam
839 2131 1248 2195 eruditorum
1285 2130 1493 2194 varias
1532 2138 1791 2200 senten-

302 2240 422 2300 tias
487 2239 553 2299 in
620 2257 895 2299 examen
952 2254 1290 2309 vocamus,
1357 2229 1617 2314 figenda
1678 2247 1793 2290 ne-

301 2342 587 2404 cessario
644 2329 745 2401 est
810 2337 1065 2399 duratio
1127 2335 1387 2414 imperii
1431 2330 1793 2414 Elagabali,

294 2450 673 2526 Receptus
698 2464 745 2502 a
790 2433 1102 2501 militibus
1131 2439 1215 2501 in·
1248 2451 1488 2510 castra,
1552 2451 1629 2497 et·
1666 2453 1791 2517 pro

302 2546 599 2608 Macrino
659 2543 1079 2614 acclamatum
1141 2540 1610 2624 imperatorem
1682 2535 1788 2597 die

298 2649 474 2713 XVI.
542 2646 699 2726 Maii
756 2648 859 2712 V'..
904 2645 977 2707 C.
1041 2663 1196 2726 972,
1275 2641 1521 2703 diserte
1597 2638 1794 2701 tradit

298 2753 426 2814 Dio
462 2757 540 2832 ⁸).
585 2747 775 2812 Haud
807 2746 1013 2809 multo
1052 2756 1237 2827 post,
1282 2743 1596 2810 videlicet
1620 2743 1792 2811 Vm.

302 2853 501 2929 Iunii,
590 2852 830 2915 victum
905 2846 1269 2912 Macrinum
1341 2847 1517 2911 idem
1601 2858 1791 2908 testa·

301 2968 408 3018 tur
437 2951 546 3037 l²),
609 2974 683 3016 ac
731 2952 1044 3033 deinceps
1105 2973 1141 3011 a
1184 2948 1294 3010 die
1351 2930 1550 3031 hujus
1590 2949 1795 3011 victo-

303 3059 441 3118 riae
497 3053 856 3136 imperasse
915 3070 1118 3113 annos
1176 3053 1290 3116 111.
1351 3070 1609 3111 meuses
1681 3051 1793 3111 lx.

302 3157 449 3219 dies
483 3158 595 3222 lv.
626 3155 707 3235 c).
756 3155 904 3248 Quo
938 3152 1192 3213 calculo
1210 3151 1560 3215 conficitur
1583 3194 1599 3225 ‚
1645 3151 1795 3210 Ela-

308 3256 604 3342 gabalum
641 3275 900 3316 caesum
930 3254 1197 3315 circiter
1229 3255 1339 3315 xt.
1379 3253 1598 3315 Martii
1620 3252 1698 3314 V.
1722 3251 1796 3312 C.

309 3361 456 3444 975.
585 3357 747 3417 Cum
810 3355 1026 3417 Dione
1092 3354 1422 3438 conspirat
1488 3355 1795 3426 Zonaras,

311 3474 383 3524 et
423 3480 506 3522 ex
552 3456 859 3521 cathedra
904 3450 1272 3518 marmorea
1313 3456 1380 3516 S.
1433 3455 1796 3537 Hippolyti,

309 3581 475 3647 quae
537 3572 835 3624 servatur
895 3559 960 3619 in
1020 3557 1419 3621 bibliotheca
1467 3558 1796 3631 Vaticana,

302 3679 377 3728 et
437 3664 518 3727 ad
579 3670 767 3747 qua‘m
829 3674 1105 3744 propter
1177 3661 1317 3744 ejus
1392 3655 1824 3720 monumenti

306 3764 505 3829 fidem
550 3777 911 3848 provocant
972 3781 1238 3839 omnes,
1303 3761 1412 3849 qui
1476 3760 1557 3824 de
1617 3761 1798 3821 annis

311 3867 651 3952 Elagabali
707 3866 1073 3946 scripsere,
1143 3876 1392 3943 certum
1452 3861 1562 3939 fit,
1639 3862 1797 3926 idib.

190 3953 247 4045 f
310 3971 516 4054 April.
544 3970 726 4037 v.c.
762 3967 885 4050 97⁵
931 3967 1058 4048 jam
1102 3985 1363 4028 caesum
1412 3965 1620 4029 fuisse·
1652 3966 1801 4028 Eta-

314 4074 651 4155 gabalum,
753 4083 821 4131 et
897 4070 1257 4150 imperasse
1328 4069 1798 4134 Alexandrum.

280 4174 524 4255 ‘Igitur
577 4173 718 4235 dies
760 4173 938 4239 xvj.
999 4171 1156 4251 Maji
1199 4171 1281 4235 V.
1328 4172 1401 4236 C.
1450 4192 1565 4253 971
1595 4218 1612 4249 ‚
1671 4193 1799 4256 quo

316 4275 680 4357 Augustum
726 4294 797 4336 se
838 4275 1225 4358 proclamari
1267 4268 1503 4358 passus
1529 4288 1626 4337 est
1654 4274 1802 4337 Ela-

310 4375 617 4458 gabalus,
679 4387 748 4434 et
776 4372 931 4433 dies
974 4375 1084 4457 Χξ.
1131 4378 1352 4436 Martii
1394 4378 1478 4442 V.
1534 4380 1607 4441 C.
1645 4370 1801 4459 9753

389 4606 447 4675 a)
480 4603 553 4662 L.
592 4596 914 4660 LXXVIII.
956 4605 1006 4672 ᾧ.
1046 4611 1137 4663 30.

301 4714 445 4771 cap.
484 4696 536 4759 6.
686 4700 751 4768 e)
791 4691 1013 4749 Gruter
1047 4711 1184 4775 pag.
1229 4701 1387 4754 108².
1426 4704 1478 4765 9.

1297 4600 1360 4672 b)
1401 4601 1461 4656 1..
1502 4603 1823 4665 txxvm.
1864 4610 1912 4675 ς.
1952 4615 2039 4678 39.

1882 707 1983 757 tra
2018 716 2181 778 quos
2218 689 2359 776 ejus
2401 697 2749 779 imperium
2789 697 3236 773 concluditur,
3281 714 3372 760 at-

1884 816 2011 879 que
2053 797 2120 856 hi
2166 785 2443 879 propter
2503 799 2724 860 citatas
2773 799 3187 861 auctoritates
3241 813 3396 864 tam·

1882 913 2019 961 tum
2051 901 2267 962 valent
2292 899 2458 982 apud
2495 900 2808 979 eruditos,
2851 917 2922 963 ut
2945 922 3165 985 *neque
3202 904 3382 965 testi-

1891 1001 2111 1064 monio
2132 1003 2493 1086 Lampridii
2528 1022 2641 1063 eos
2679 1007 2980 1065 arctantis
3016 1003 3113 1086 d),
3158 1024 3378 1088 neque

1890 1106 2234 1166 marmoris
2273 1107 2651 1167 Panviniani
2683 1127 2797 1169 eos
2827 1108 3095 1170 laxantis
3124 1107 3184 1187 θ)
3209 1153 3224 1182 ,
3271 1129 3381 1170 ne·
3471 1183 3478 1186 v

1894 1228 2022 1290 que
2061 1208 2336 1269 aliorum
2379 1195 2769 1288 scriptorum
2811 1213 3048 1274 variam
3098 1211 3382 1273 duratio·
3447 1189 3456 1190 ἶ

1893 1329 2046 1370 nem
2104 1308 2578 1391 adsignantium
2625 1310 2952 1389 adcurati,
3030 1330 3096 1376 et
3159 1317 3386 1377 coaevi

1893 1411 2130 1496 Dionis
2209 1406 2404 1472 fidem
2480 1412 2751 1497 infringi
2828 1417 3178 1499 patiantur.
3263 1420 3383 1495 Ea,

1898 1534 2062 1597 quae
2111 1512 2218 1574 hic
2280 1515 2671 1596 compendio
2726 1518 3123 1592 memoravi,
3181 1520 3386 1582 fusius

1892 1613 2228 1698 proposita
2279 1614 2425 1677 vide
2471 1617 2535 1677 in
2589 1618 2920 1684 Valseehii
2974 1620 3253 1682 Dissert.
3302 1622 3385 1683 de

1895 1716 2166 1799 Elagab.
2201 1716 2349 1778 trib.
2378 1730 2514 1799 pot.
2536 1717 2614 1784 V.
2637 1763 2653 1794 ‚
2699 1720 2981 1803 Philippi
3007 1744 3040 1783 a
3070 1724 3283 1786 Turre
3307 1724 3390 1784 de

1899 1820 2083 1882 annis
2113 1819 2375 1902 imperii
2408 1820 2775 1900 Elagabali,
2825 1824 3184 1886 Tillemont
3219 1829 3389 1891 Nota

1901 1923 2015 1988 Vt.
2064 1923 2135 1981 in
2176 1921 2447 2002 Elagab.
2495 1925 2870 1984 Mazzoleni
2912 1925 3251 1991 Animadv.
3306 1930 3389 1990 de

1823 2068 1839 2078 .
1897 2024 2053 2088 trib.
2096 2037 2335 2106 potest.
2383 2046 2446 2107 p.
2492 2025 2594 2086 131
2624 2069 2640 2100 ‚
2705 2027 2973 2107 Vignoli
3023 2026 3103 2088 de
3139 2050 3305 2091 anno
3338 2034 3391 2096 Ι.

1901 2128 2055 2209 imp.
2094 2128 2286 2188 Alex.
2317 2155 2324 2160 ·

2031 2231 2196 2291 'I'ota
2232 2247 2396 2309 ergo
2432 2227 2691 2292 duratio
2738 2230 2999 2312 imperii
3031 2233 3390 2316 Elagabali,

1902 2334 2007 2395 his
2056 2330 2426 2394 cardinibus
2472 2332 2983 2413 comprehensa,
3047 2353 3140 2396 est
3202 2358 3396 2397 anno-

1904 2455 2067 2498 rum*
2092 2436 2207 2494 111.
2272 2434 2592 2495 mensium
2639 2436 2749 2497 lx.
2817 2435 3073 2498 dierum
3132 2440 3398 2501 circiter

1904 2537 2140 2603 XXVI.
2228 2536 2475 2602 Verum
2505 2535 2677 2598 istud
2712 2537 2765 2597 si
2810 2537 3095 2610 obtinet,
3146 2561 3266 2623 qua
3299 2564 3398 2626 ra·

1905 2641 2121 2713 tione,
2210 2636 2388 2716 ajunt
2473 2637 2902 2721 chronologi,
3003 2644 3396 2724 Elagabalus

1907 2739 2302 2804 tribunatum
2342 2738 2423 2806 V.
2483 2741 2694 2822 potuit
2737 2742 3060 2828 adsequi?
3150 2746 3401 2810 Statua·
3477 2773 3482 2774 ⁷

1907 2857 2015 2909 tur
2083 2842 2225 2905 dies
2284 2842 2461 2908 XVI.
2524 2844 2679 2927 Maji
2726 2844 2807 2912 V.
2856 2850 2925 2909 C.
2983 2869 3097 2933 971
3169 2853 3399 2913 natalis

1907 2946 2213 3029 imperii,
2273 2965 2404 3028 quo
2449 2948 2670 3029 coepit
2729 2950 3090 3012 tribunatus
3141 2955 3184 3014 1.
3273 2955 3400 3018 Hic

1910 3050 1965 3109 si
2022 3048 2363 3131 quotannis
2427 3049 2662 3111 eodem
2715 3052 2821 3113 die
2868 3054 3180 3126 iteretur,
3242 3056 3400 3118 inci-

1908 3151 2057 3232 pi‘et‘
2107 3149 2370 3231 quintus
2425 3147 2530 3210 die
2596 3153 2970 3236 lesMaji
3011 3157 3090 3222 V.
3139 3159 3207 3218 C.
3254 3161 3399 3241 975.

1911 3256 1997 3313 At
2048 3252 2441 3332 Elagabalus
2493 3273 2721 3314 caesus
2787 3255 2912 3334 jam
2971 3255 3094 3317 fuit
3133 3279 3403 3340 praece·

1914 3351 2127 3415 dentis
2183 3354 2404 3415 Martii
2455 3354 2563 3414 die
2616 3357 2728 3417 xl.
2818 3358 3023 3440 Igitur
3074 3358 3150 3418 ad
3199 3360 3404 3441 expli-

1910 3455 2152 3519 candos
2197 3468 2292 3516 tot
2349 3476 2580 3518 numos
2611 3457 2972 3553 'tribunatu
3014 3461 3093 3528 V.
3138 3459 3405 3545 insigni-

1912 3573 2016 3620 tos
2078 3556 2552 3641 reperiendum
2629 3574 2766 3621 erat
2829 3558 3141 3643 effugium
3227 3578 3402 3628 tanto

1914 3661 2119 3742 magis
2193 3658 2615 3743 impeditum,
2703 3677 2941 3743 quanto
3019 3667 3263 3733 certius
3321 3669 3400 3730 iis

1914 3764 2159 3839 visum,
2210 3758 2569 3825 tribunatus
2599 3764 3062 3848 imperatorum
3113 3771 3402 3833 omnium

1915 3866 2170 3925 nonnisi
2204 3864 2310 3926 die
2358 3860 2849 3951 natali‘imperii
2880 3870 3109 3932 iterari
3153 3871 3400 3934 solitos.

1916 3966 2182 4071 Operae
2250 3967 2542 4049 ,pretium
2631 3969 2934 4047 videtur,
3019 3973 3401 4060 praecipuas

1919 4069 2325 4132 eruditorum
2371 4071 2724 4133 sententias
2776 4072 2840 4132 in
2896 4094 3167 4136 examen
3215 4095 3402 4139 voca-

1916 4194 2027 4251 re,
2084 4172 2319 4256 quibus
2380 4172 2574 4235 facile
2635 4173 2930 4235 refutatis
2988 4187 3165 4236 tanto
3221 4176 3400 4239 lucu-

1918 4275 2155 4335 lentius
2199 4268 2494 4337 doctrina
2542 4294 2685 4336 mea
2729 4275 3029 4358 juvetur,
3084 4260 3247 4360 quae
3296 4301 3403 4341 au-

1916 4378 1983 4438 ni
2027 4376 2261 4440 Iuliani
2288 4375 2608 4460 principio
2642 4377 3057 4441 iterationem
3099 4380 3399 4465 imperat,

2204 4609 2266 4680 0)
2301 4606 2348 4663 L
2412 4606 2677 4674 Lxxlx.
2717 4614 2765 4685 ς»
2802 4619 2856 4674 3.
3007 4576 3098 4684 Δ)
3131 4607 3196 4666 in
3229 4607 3400 4672 Alex.
