4388 5576
1184 583 1286 648 12

1160 728 1476 810 'decidet,
1521 755 1644 821 qua
1675 733 1745 797 in
1776 732 2053 822 regione
2072 732 2232 818 :ejus
2263 732 2512 799 similes
2544 730 2677 796 fre-

1181 838 1487 924 quentius
1520 840 1963 920 reperiuntur.

1576 1025 1656 1089 P.
1681 1022 1787 1108 96.
1826 1022 1951 1086 ool.
1982 1045 2036 1093 ι.
2074 1022 2198 1086 lin.
2228 1030 2289 1098 4.

1304 1145 1380 1206 In
1416 1142 1585 1204 alioz
1631 1143 1877 1210 ARIM.
1915 1144 2131 1211 Rana.
2185 1142 2331 1210 AB.
2362 1143 2471 1209 111.
2521 1139 2674 1226 (Se-

1181 1244 1335 1308 stini
1369 1244 1732 1330 Descript..)

1298 1435 1376 1498 P.
1396 1433 1504 1515 98
1545 1432 1670 1497 col.
1706 1450 1757 1493 ι.
1796 1431 1912 1494 lin·
1944 1448 2005 1512 7.
2045 1441 2204 1529 post
2236 1430 2553 1512 ignoro.

1303 1551 1663 1616 Iudicatum
1690 1550 1852 1635 mihi
1879 1547 2315 1628 seriussistud
2348 1569 2499 1611 eum
2519 1568 2682 1632 pro·

1176 1654 1354 1718 {iteri
1386 1654 1456 1715 in
1481 1653 1958 1717 Dissertatione
1991 1653 2075 1716 de
2108 1672 2185 1715 re
2214 1673 2458 1715 numm.
2487 1653 2684 1715 Etru·

1174 1777 1441 1820 acorum
1469 1756 1656 1820 dictis
1682 1754 2198 1839 Paralipomenis
2226 1754 2512 1839 adjecta3
2546 1774 2679 1818 non

1180 1880 1382 1942 ergO,
1431 1872 1503 1921 ut
1546 1859 1711 1921 dixit
1745 1856 2067 1934 LanziuS,
2110 1857 2179 1917 in
2231 1856 2390 1941 ipsis
2435 1856 2680 1919 Parali-

1176 1962 1513 2046 pomenis,
1571 1973 1787 2047 neque
1842 1982 1905 2046 p.
1952 1961 2104 2043 176,
2163 1959 2285 2022 sed
2338 1961 2489 2037 154,
2551 1959 2686 2021 nisi'

1165 2065 1352 2131 forte
1389 2065 1513 2130 alia
1556 2066 1698 2149 ejus
1734 2062 1955 2149 operis
1980 2060 2284 2127 editione
2322 2082 2475 2125 usus
2511 2075 2633 2127 est.

1818 2250 1897 2314 P.
1928 2249 2031 2331 98.

1302 2369 1500 2454 Fugit
1536 2389 1679 2446 me,
1722 2389 1871 2433 cum
1908 2369 2073 2433 haee
2113 2367 2512 2446 scriberem,
2559 2389 2675 2432 nu·

1175 2494 1319 2536 mus
1348 2470 1714 2549 Tuder-tum
1740 2486 2115 2556 argenteus,
2150 2492 2346 2556 quem
2377 2473 2465 2536 cl.
2489 2473 2680 2535 Com-

1175 2576 1322 2639 bius
1371 2596 1455 2638 ex
1497 2574 1907 2638 Hunteriano
1966 2575 2272 2658 vulgavit.
2337 2576 2532 2658 (Tab.
2573 2577 2676 2640 61.

1177 2701 1352 2743 num.
1404 2679 1546 2740 x11.
1622 2681 1836 2760 Caput
1900 2678 2135 2741 Sileni.
2203 2674 2250 2735 ae
2309 2679 2676 2747 TVTERE

1175 2779 1623 2866 retrograde.)
1659 2778 1922 2859 Aquila
1957 2791 2145 2842 stans
2174 2783 2491 2862 expansis
2523 2784 2676 2847 alis.

1177 2883 1370 2945 Haud
1417 2881 1611 2942 dubie
1654 2885 1888 2941 num‘us
1927 2879 2426 2958 Amadutianus,
2481 2903 2676 2966 quem

1181 2985 1310 3047 hoc
1344 2986 1493 3046 loeo
1524 2981 1734 3057 citavi,
1763 2979 2055 3062 ejusdem
2089 3002 2238 3044 cum
2265 2984 2673 3058 Hunteriano

1180 3099 1282 3150 est
1325 3098 1617 3148 naturae.
1687 3083 1912 3146 Serius
1956 3083 2023 3145 in
2067 3084 2470 3148 simillimum
2517 3088 2674 3151 alte-

1176 3209 1356 3266 rum,
1384 3225 1387 3228 ι
1411 3187 1523 3272 qui
1564 3200 1663 3249 est
1699 3186 1768 3247 in
1813 3207 2040 3250 museo
2084 3188 2180 3253 ill.
2214 3189 2397 3254 Com.
2433 3191 2671 3268 Vitzai,

1177 3292 1329 3354 satis
1355 3289 1601 3352 affabre
1630 3290 1872 3352 factum
1901 3289 2121 3367 incidi,
2150 3312 2382 3355 verum
2411 3294 2465 3355 is
2492 3293 2672 3377 juxta

1176 3408 1368 3477 caput
1397 3389 1840 3455 Silenioffert
1873 3393 2234 3477 globulum,
2270 3395 2672 3459 manifestam

1173 3496 1403 3560 unciae
1446 3508 1697 3572 notam,
1740 3516 1815 3559 ac
1856 3496 2048 3579 plane
2094 3497 2394 3582 geminus
2433 3511 2534 3561 est
2567 3519 2672 3561 ae·

1172 3619 1302 3661 neo
1334 3598 1464 3675 illi,
1503 3619 1698 3680 quem
1732 3598 2085 3682 Arigonius
2121 3599 2189 3660 in
2226 3601 2669 3686 miscellaneis

1176 3702 1308 3764 suis
1334 3699 1621 3765 Tah.x1.
1651 3722 1716 3766 n.
1736 3705 1841 3767 51.
1867 3701 2112 3785 pictum
2146 3701 2344 3766 dedit.
2389 3707 2450 3766 Is
2484 3725 2669 3789 ergo,

1178 3805 1289 3889 qui
1321 3823 1588 3864 numum
1615 3804 1791 3865 hunc
1818 3804 1997 3867 volet
2031 3803 2382 3887 genuinum
2416 3821 2667 3891 putare,

1179 3904 1569 3987 comprobet
1612 3905 1839 3980 etiam,
1890 3906 2088 3968 urbes
2134 3907 2382 3971 Italicas
2426 3931 2666 3973 aeneae

1179 4027 1442 4092 quoque
1505 4026 1657 4069 suae
1725 4021 2026 4070 monetae
2088 4009 2422 4072 unciarum
2483 4027 2667 4076 notas

1175 4109 1575 4195 impresisse.
1631 4111 1863 4193 Neque
1904 4108 2325 4188 dubitavere,
2376 4127 2441 4177 et
2481 4116 2670 4188 Ama-

1175 4213 1539 4291 dutianum,
1586 4227 1654 4276 et
1685 4210 2163 4276 Hunterianum
2199 4236 2465 4279 numum
2502 4218 2669 4300 ejusd

1178 4316 1329 4380 dem
1383 4338 1529 4394 esse
1574 4318 2032 4393 naturae,.etsi
2083 4315 2371 4381 adstituti
2419 4320 2670 4402 globuli

1175 4441 1308 4483 non
1348 4420 1458 4483 fiat
1489 4423 1768 4499 mentio,
1814 4420 1928 4505 qui
1959 4419 2133 4483 forte
2170 4420 2381 4484 minus
2417 4423 2672 4506 conspi-

1178 4542 1337 4584 cuus
1379 4521 1718 4609 utriusque
1763 4523 2003 4588 eruditi
2049 4524 2394 4609 praeconis
2441 4527 2666 4589 oeulos

1177 4626 1445 4709 fugerit.

2351 558 3132 635 ADDENDA

3070 732 3149 794 P.
3176 746 3330 793 iot..
3350 728 3480 795 col.
3503 741 3571 795 a.
3599 742 3759 814 post.
3786 731 3884 795 lin.
3904 731 3956 798 5.

3254 867 3305 932 S
3345 867 3395 931 I
3437 866 3500 931 G
3542 864 3618 931 N
3656 868 3692 931 Ῐ
3722 869 3809 933 A.

2919 996 3316 1068 Volscorum
3349 968 3516 1064 urbs.
3537 998 3946 1063 mediteranea.

2928 1141 3148 1222 Caput
3174 1139 3537 1216 Mercurii,
3573 1160 3732 1224 prae
3760 1157 3871 1219 quo
3896 1137 4128 1200 caduceu-

2771 1236 2845 1301 ,Ξ
2877 1239 3106 1336 SEIQ.
3166 1243 3405 1322 Capita
3441 1241 3657 1305 Sileni
3701 1253 3764 1304 et
3804 1242 3926 1323 apri
3960 1242 4013 1301 in
4043 1236 4134 1298 Iam'

2794 1364 3040 1406 morem
3078 1343 3453 1422 conjuncta.
3497 1344 3638 1410 AR.
3671 1343 3776 1412 IV.
3815 1344 3972 1416 (Mus.
3999 1340 4129 1400 Ptine.

2794 1444 2879 1509 de
2925 1444 3305 1528 Waldeek.)
3660 1456 3668 1467 ·
4105 1514 4112 1523 .

2920 1547 3317 1632 Inquirenti,
3374 1568 3568 1630 quam
3613 1545 3922 1632 praeclaro
3960 1540 4064 1602 huic
4089 1538 4135 1599 α’-

2796 1650 2999 1715 melio
3053 1650 3364 1735 patriam,
3439 1651 3659 1714 locum
3695 1645 3923 1710 ¹deinde
3965 1642 4136 1705 natalem

2794 1753 3297 1831 constituerem,
3334 1773 3526 1817 causa
3554 1747 3953 1835 inscriptionis
3971 1744 4136 1807 Latinas

2792 1856 2990 1922 facile
3030 1876 3411 1940 persuasum
3454 1855 3615 1934 fuit,
3659 1866 3764 1918 aut
3803 1841 4139 1933 respiciendam

2759 2014 2762 2017 .
2794 1959 3062 2038 Italiam,
3096 1971 3203 2022 aut
3225 1957 3592 2043 generatim
3608 1959 4002 2019 Romanorum
4014 1964 4140 2029 quam·

2791 2060 2963 2146 piam
3008 2060 3352 2124 coloniam.
3410 2060 3629 2123 Urbes
3661 2054 3970 2119 nonnullas
3994 2048 4143 2111 Iulios

2795 2163 2989 2226 etiam
3026 2175 3254 2247 postea
3291 2184 3479 2247 quam
3516 2162 3588 2223 in
3622 2163 4015 2223 Romanorum
4042 2160 4144 2232 pote·

2792 2244 3025 2329 statem
3069 2284 3356 2342 venere,
3400 2279 3597 2350 atque
3636 2264 3752 2325 has
3779 2262 3948 2322 -inter
3970 2251 4145 2318 colonias

2770 2387 3054 2453 ‘quoque
3090 2381 3299 2431 stante
3329 2368 3680 2452 republica
3706 2367 3787 2429 R.
3817 2352 4148 2449 propnsmha·

2778 2470 3010 2534 baisse
3046 2459 3409 2548 monetam,
3440 2470 3597 2533 satis
3631 2479 3890 2533 constat.
3928 2460 4040 2523 Fuit
4061 2456 4146 2515 haec

2791 2572 2939 2636 fere
2970 2570 3214 2636 tantum
3243 2593 3466 2651 aenea,
3501 2593 3742 2638 verum
3770 2575 4050 2650 compessa
4070 2573 4152 2641 ⁴1²⁰

2794 2697 2921 2761 que
2950 2690 3295 2762 argentea,
3331 2675 3456 2738 etsi
3486 2697 3641 2738 rara
3670 2668 4000 2738 admodum.
4030 2657 4149 2721 Hal*

2789 2799 2936 2841 mus
2985 2799 3068 2842 ex
3097 2778 3240 2841 -hoc
3283 2779 3555 2842 metallo
3588 2799 3826 2842 numos
3857 2758 4156 2854 insigms}

2791 2881 2915 2944 bae
2958 2882 3352 2959 Fucentiae,
3411 2902 3580 2967 quae
3619 2882 3699 2942 in
3742 2877 3955 2942 Marsis
3987 2870 4097 2938 sita,
4121 2874 4154 2920 ὅ

2788 2985 3236 3048 Romanorum
3294 2987 3568 3068 insuper
3621 2982 3880 3047 colonia
3915 2976 4028 3038 fuit.
4077 2966 4158 3056 ΨΟ

2791 3106 2920 3171 ego
2951 3100 3126 3150 tutus
3163 3089 3469 3173 exempio
3505 3108 3645 3150 non
3680 3084 3976 3156 dubitem,
3997 3086 4160 3137 numm

2790 3188 2875 3253 de
2913 3210 3044 3274 quo
3094 3191 3378 3275 agimus,
3422 3189 3750 3253 adserere
3796 3187 4058 3270 signatum
4084 3173 4162 3249 εἶδ’

2787 3290 2956 3369 niae,
2999 3313 3163 3377 quae
3200 3294 3324 3357 suit
3350 3304 3673 3376 pervetus
3705 3290 4057 3359 Volscorum
4077 3271 4164 3339 urbss
4231 3295 4232 3298 ’

2791 3406 2859 3455 et
2885 3395 3013 3477 jam
3047 3419 3086 3459 a
3120 3397 3476 3481 Tarquinio
3515 3394 3834 3480 Superbo
3868 3387 4085 3452 deducu
4111 3395 4167 3438 εο-

2786 3495 2984 3562 Ionia.
3064 3499 3396 3583 Scriptum
3458 3498 3800 3561 SEIGnia
3855 3512 3966 3579 pro
4010 3480 4170 3550 smne

2786 3619 2920 3660 non
2970 3615 3290 3685 repugnat
3341 3601 3698 3685 perpensis
3753 3599 3873 3671 iis,
3916 3610 4050 3678 quae
4088 3581 4167 3646 Vol

2787 3701 2869 3767 V·
2914 3724 2980 3786 p.
3011 3705 3095 3786 75
3139 3704 3224 3770 de
3255 3707 3284 3765 1
3318 3704 3632 3788 ἀρχαῖκως
3670 3703 3745 3764 in
3778 3703 3869 3763 EI
3901 3706 4095 3759 mutato
4115 3683 4176 3746 ob·

2787 3805 3209 3871 servavimus.
3266 3805 3640 3867 Permissus
3690 3799 4014 3868 feriundse
4041 3806 4173 3854 mone·

2784 3918 2886 3969 tae
2923 3910 3230 3994 propriae
3274 3923 3343 3973 et
3379 3906 3648 3993 quidem
3683 3907 3886 3971 etiam
3917 3904 3976 3966 in
4005 3904 4178 3980 arga²⁰

2782 4007 2976 4072 facile
3022 4025 3244 4095 potest
3293 4010 3510 4096 repeti
3564 4010 3650 4074 ab
3704 4002 4076 4091 indulgentis
4105 3997 4176 4055 ΒΦ

2785 4132 3125 4175 manorum
3176 4117 3245 4177 in
3299 4114 3469 4178 hanc
3514 4115 3899 4188 coloniam,
3961 4107 4101 4188 cujus
4129 4093 4184 4156 5¹³³

2785 4212 2984 4276 fidem
3021 4230 3189 4282 teste
3225 4214 3526 4303 pluribus
3561 4216 3742 4280 locis
3778 4214 3948 4279 Livii
3977 4197 4187 4273 diffitiffi·

2786 4316 2908 4378 mis
2934 4319 3066 4381 suis
3096 4318 3503 4403 temporibus
3532 4319 3878 4383 sinceram
3915 4331 4076 4398 atque
4099 4323 4190 4368 ⁰⁰⁰·

2787 4432 3061 4482 stantem
3096 4437 3244 4486 sunt
3279 4422 3558 4506 experti.
3602 4423 3809 4486 Haec
3848 4434 3918 4484 ut
3956 4425 4080 4480 sunt
4103 4421 4193 4492 5¹1⁰·

2780 4520 3019 4586 babilia
3068 4545 3259 4602 sane,
3311 4539 3505 4610 atque
3548 4524 3913 4608 expedita,
3956 4523 4038 4584 sic
4072 4512 4197 4596 1¹l³¹³e

2782 4621 3089 4703 difficile,
3121 4641 3314 4712 atque
3334 4674 3350 4706 ,
3385 4642 3459 4690 ut
3491 4626 3655 4689 mibi
3686 4626 4030 4699 videatur,
4060 4607 4204 4681 dim*

2778 4749 2913 4803 τον,
2952 4728 3131 4806 miri,
3170 4731 3279 4814 qui
3321 4751 3608 4795 aversam
3655 4742 3980 4814 occupat,
4013 4719 4118 4806 typi
4148 4734 4206 4773 ἢ·

2775 4829 3021 4895 tionem
3072 4832 3380 4900 reddere.
3463 4832 3809 4897 Nimirum
3874 4827 4078 4894 defuit
4113 4815 4211 4881 huic
