4388 5576
1205 1493 2637 1669 PRAEFATIQ

377 2186 632 2337 Quod
672 2218 769 2301 ad
813 2225 1093 2301 calcem
1140 2225 1370 2330 partis
1407 2225 1464 2299 I.
1508 2223 1723 2327 hujus
1777 2224 2024 2327 operis
2068 2221 2311 2296 facere
2364 2221 2693 2319 institui,
2743 2223 3094 2303 nimirum
3137 2237 3485 2334 exposito

379 2368 608 2445 totius
656 2364 1079 2464 argumenti,
1105 2377 1301 2467 statu
1366 2359 1730 2462 subjicere
1783 2359 2169 2436 observata
2227 2359 2626 2458 generalia,
2681 2357 2944 2460 quibus
2986 2367 3310 2465 partium
3345 2396 3485 2473 per

380 2520 624 2579 totum
670 2524 856 2600 opus
897 2522 1310 2600 sparsarum
1354 2495 1754 2606 explicatio
1798 2508 2315 2597 perageretur,
2368 2519 2555 2595 quae
2600 2498 2999 2573 commode
3055 2519 3261 2579 certo
3301 2530 3485 2606 quo-
3537 2486 3541 2493 ⁶

378 2637 584 2740 piam
616 2660 703 2709 ac
739 2649 1164 2737 opportuno
1203 2629 1376 2707 loco
1408 2633 1662 2735 peragi
1694 2656 1852 2707 non
1879 2630 2167 2735 potuit,
2221 2626 2428 2703 idem
2472 2656 2673 2707 nunc
2725 2633 2950 2707 etiam
2986 2634 3067 2709 in
3115 2637 3258 2713 hac
3321 2665 3483 2720 mo-

379 2788 600 2848 netae
655 2770 1074 2865 Romanae,
1147 2795 1236 2844 ac
1290 2767 1811 2871 imperatoriae
1872 2765 2177 2867 quidem
2245 2768 2713 2871 expositione
2765 2769 3259 2871 constituere,
3328 2803 3485 2855 non

380 2908 563 2983 utile
605 2904 879 3001 modo,
933 2904 1069 2979 sed
1115 2919 1193 2979 et
1228 2904 1726 2980 necessarium
1771 2904 2033 2980 visum.
2139 2906 2327 2979 Sunt
2379 2907 2581 3000 enim
2630 2905 2713 2979 in
2753 2905 2896 2981 hac
2936 2879 3240 3010 quoque
3276 2929 3491 3014 parte

381 3025 538 3119 non
601 3066 837 3144 pauca
896 3040 1045 3114 late
1093 3066 1236 3141 per
1277 3039 1696 3113 universam
1749 3040 1944 3113 hanc
1985 3038 2570 3140 disputationem
2622 3036 3057 3137 distributa,
3109 3069 3297 3144 quae
3329 3048 3493 3140 ¹nisi
3563 3119 3570 3128 ,

383 3181 462 3255 in
497 3204 729 3253 unum
764 3177 1019 3251 ‘locum
1059 3171 1533 3273 colligantur,
1588 3172 1971 3246 difficilem
2009 3173 2602 3274 impeditumque
2642 3174 2973 3251 reddunt
3027 3161 3127 3251 de'
3162 3179 3255 3253 iis
3288 3197 3494 3257 recte

386 3339 473 3389 ac
518 3310 763 3388 sobrie
798 3306 1187 3414 judicandi
1230 3304 1589 3381 laborem.
1692 3309 1805 3381 Ita
1842 3307 2209 3407 congestis
2264 3307 2345 3379 in
2383 3310 2896 3381 unum-numis
2935 3308 3281 3386 'omnibus
3312 3343 3381 3391 v.
3426 3340 3490 3391 c.

386 3465 771 3538 votorum,
860 3437 1547 3531 consecrationum,
1615 3437 2030 3537 legionum,
2106 3452 2183 3510 et
2243 3443 2449 3536 juxta
2513 3439 2595 3511 in
2658 3460 3182 3543 conspectum·
3227 3449 3494 3546 positis

372 3579 627 3652 multo
657 3576 951 3678 plenius
991 3571 1506 3674 intelligimus,
1560 3571 1741 3672 quid
1795 3572 1876 3644 in
1931 3570 2047 3644 his
2094 3567 2599 3670 similibusque
2655 3574 2892 3647 causis
2931 3574 3150 3651 fuerit
3199 3605 3240 3653 a
3289 3580 3494 3682 prin-

392 3710 681 3813 cipibus
721 3710 1245 3802 constit-utum,
1302 3723 1379 3782 et
1416 3732 1753 3782 successu
1803 3705 2161 3808 temporis
2210 3707 2699 3781 immutatum.
2807 3708 3211 3811 Copiosam
3265 3699 3493 3790 etiam

393 3847 639 3921 lucem
690 3844 1107 3944 adfundunt
1151 3840 1502 3945 explicati
1537 3842 1684 3917 hoc
1735 3841 1968 3916 modo
2015 3838 2444 3943 principum
2491 3842 2998 3919 Romanorum
3048 3848 3282 3945 tituli,
3336 3852 3491 3928 sive

389 3981 782 4076 honorifici
836 3977 946 4051 illi
1009 3978 1253 4074 fuere,
1306 3977 1460 4055 sive
1514 3991 1966 4078 potestatem
2022 3975 2418 4070 addidere,
2484 4003 2732 4079 neque
2771 3961 3038 4081 parum
3085 4002 3338 4062 nostra
3380 3989 3492 4062 in-

358 4130 645 4191 terest·
673 4113 966 4189 novisse
1019 4137 1112 4188 cx
1153 4115 1396 4185 numis
1447 4112 1669 4213 ipsis,
1740 4111 2245 4185 monumentis
2299 4112 2575 4216 quippe
2622 4117 2913 4193 coaevis
2928 4173 2952 4211 ,
3003 4116 3496 4221 publicisque,

391 4275 537 4349 quo
592 4247 703 4321 illi
747 4263 1088 4348 tempore
1146 4247 1466 4322 conferri
1527 4249 1953 4346 coeperint,
2024 4272 2171 4347 quo
2238 4262 2360 4322 aut
2401 4248 2711 4348 negligi,
2783 4252 2907 4324 aut'
2949 4251 3171 4351 plane
3219 4259 3491 4334 omitti.

393 4388 493 4458 At
536 4383 616 4456 in
652 4381 1103 4460 illustrandis
1160 4378 1506 4455 omnibus
1556 4381 1672 4453 his
1729 4382 2172 4481 argumentis
2232 4380 2435 4457 nulla
2490 4383 2676 4455 mihi
2723 4383 3129 4483 disputatio
3180 4408 3495 4491 propter

392 4516 848 4591 eruditorum
890 4513 1414 4590 incredibilem
1451 4516 1861 4590 dissensum
1912 4517 2141 4614 magis
2186 4516 2343 4591 visa
2401 4515 2813 4592 necessaria
2862 4544 3039 4622 prae
3087 4520 3254 4618 illa,
3310 4551 3497 4625 quae
3569 4576 3576 4580 -

390 4653 468 4725 in
510 4653 817 4729 iteratae
858 4649 1294 4725 tribuniciae
1333 4650 1724 4752 potestatis
1755 4649 2026 4727 modos
2075 4677 2161 4726 ac
2203 4649 2401 4752 leges
2449 4652 2804 4752 inquirit,
2852 4655 2971 4730 cui
3013 4659 3333 4733 examini
3383 4661 3495 4734 in-

414 4825 427 4862 s
1544 4835 1608 4873 .,
2017 4857 2021 4861 ,
2904 4791 3104 4857 Sa:
