4388 5576
1133 462 1286 540 DE
1360 461 1869 541 NOMINE.
1914 461 2772 540 IMPERATORIs.

401 648 507 711 En
564 642 686 709 tibi
740 645 941 711 verba
972 645 1251 711 Macrini
1307 646 1407 711 sie
1457 644 1540 709 ad
1592 652 1891 713 senatum

404 748 754 814 scribentis
786 750 881 834 ⁸)=
912 754 1240 815 Antonino
1266 760 1479 814 antem
1503 754 1895 814 divinoe-loo·

400 875 593 918 nores
621 862 687 916 et
707 855 893 915 miles
920 856 1218 928 decrevit,
1247 863 1313 916 et
1337 873 1457 916 nos
1480 855 1891 930 decrevimus,

397 967 469 1020 et
492 976 607 1019 vos
624 999 640 1031 ‚
674 959 743 1031 Ρ,
781 958 842 1016 C.
877 965 951 1016 nt
973 957 1365 1031 decernatis,
1402 974 1546 1017 cum
1571 957 1893 1034 possimus

401 1060 814 1135 imperatorio
834 1062 990 1136 jure
1016 1060 1420 1135 praecipere,
1462 1066 1678 1119 tamen
1708 1078 1897 1135 roya-

399 1177 560 1221 mus.
648 1157 759 1220 Sic
795 1170 864 1220 et
895 1136 1286 1240 &lugabalus
1323 1157 1707 1218 auctoritate
1746 1174 1896 1238 pro-

398 1260 543 1343 pria
580 1278 651 1331 se
695 1259 1201 1342 imperatorem,
1247 1259 1633 1334 Caesarem,
1678 1257 1894 1335 Pium,

398 1359 736 1439 Felicem,
782 1363 1181 1442 Augustum,
1225 1362 1378 1423 trib.
1420 1358 1760 1444 potestatis
1797 1357 1892 1421 di-

399 1460 531 1540 xit,
576 1477 644 1526 et
694 1462 996 1547 quidem,
1043 1476 1112 1523 ut
1145 1460 1326 1526 addit
1361 1463 1528 1538 Dio,
1573 1460 1684 1544 qui
1728 1460 1891 1522 baec

398 1580 620 1647 narrat
648 1564 714 1647 b)
736 1608 754 1641 ‚
819 1586 1134 1646 occupans
1192 1568 1489 1641 nomina,
1549 1573 1892 1646 antequam

396 1670 530 1728 siba·
579 1672 1078 1731 decernerentur.
1164 1666 1267 1726 Ex
1312 1684 1442 1748 quo
1486 1677 1701 1746 patet,
1756 1684 1889 1726 non

397 1766 523 1829 alia
564 1769 684 1829 sub
727 1758 1228 1850 imperatoribus
1265 1765 1644 1840 conditione
1683 1765 1886 1829 fuisse

396 1881 689 1932 senatum
751 1871 1153 1945 Romanum,
1230 1890 1419 1951 quam
1481 1889 1607 1951 qua
1664 1868 1886 1954 paucis

394 1972 606 2032 adhuc
645 1972 882 2035 abhinc
926 1973 1106 2035 annis
1144 1970 1445 2033 Lutetiae
1490 1970 1612 2032 fuit
1647 1971 1887 2033 nobilis

395 2072 508 2133 illa
556 2073 771 2147 curia,
835 2074 941 2136 cui
985 2077 1385 2137 Pas-lamenti
1433 2092 1672 2134 nomen
1723 2085 1898 2149 erat„

394 2173 574 2258 quod
618 2194 764 2237 cum
809 2175 1087 2237 maxime
1129 2173 1209 2236 ad
1256 2194 1327 2236 se
1367 2174 1704 2255 pertinere
1745 2193 1884 2237 cre·

394 2276 617 2347 deret,
661 2276 874 2340 edicta
913 2277 1091 2358 regia
1122 2275 1437 2339 arbitratu
1474 2286 1592 2339 suo
1631 2290 1737 2339 aut
1772 2275 1883 2340 ad-

394 2378 713 2462 probare,
754 2389 865 2440 aut
900 2377 967 2437 in
1017 2377 1252 2441 iisdem
1296 2378 1731 2461 adprobandis
1767 2399 1883 2441 ne-

390 2492 574 2541 ctere
619 2499 902 2557 moram,
951 2474 1538 2565 tergiversarique‚
1582 2479 1744 2540 nihil
1789 2494 1881 2543 ta-

395 2601 546 2670 men
624 2581 1011 2666 plerumque
1086 2582 1345 2645 fastidio
1421 2600 1539 2644 suo
1614 2580 1881 2644 abstulit
1922 2658 1935 2669 .

391 2696 656 2763 praeter
697 2683 948 2748 tristem
998 2685 1367 2766 optionem,
1426 2698 1641 2746 utrum
1699 2683 1881 2747 malit

391 2784 577 2868 leges
628 2784 943 2870 principis
997 2784 1257 2880 referre
1317 2788 1383 2849 in
1444 2785 1729 2870 tabulas,
1796 2808 1879 2850 an

345 2945 349 2949 ,
387 2889 686 2953 exulare.

470 2989 651 3053 ‘Sed
710 3002 782 3053 et
832 2989 1108 3073 argutiis
1167 2992 1375 3052 multo
1428 2989 1876 3054 subtilioribus

386 3091 511 3153 fuit
558 3114 592 3155 a
644 3093 798 3156 viris
866 3092 1435 3175 praestantissimis
1497 3106 1876 3178 pugnatum,

382 3213 545 3276 >quas
614 3193 753 3256 sive
821 3193 1309 3278 comprobare,
1355 3194 1494 3257 sive
1556 3193 1876 3256 refellere

386 3295 620 3378 partim
676 3293 928 3367 taedet,
991 3294 1223 3374 partim
1272 3294 1432 3354 tanti
1477 3316 1608 3358 non
1660 3292 1880 3356 existi·

374 3397 532 3470 sno,
580 3394 929 3476 praecipue
967 3413 1112 3453 cum
1152 3392 1219 3453 id
1261 3413 1467 3475 genus
1505 3393 1882 3480 disputatio-

386 3518 506 3557 nes
554 3516 590 3556 a
643 3492 850 3555 causis
899 3492 1362 3557 numismaticis
1414 3512 1566 3558 esse
1611 3494 1883 3558 alienio-

386 3616 499 3658 res
568 3593 945 3672 videantur,
1020 3609 1364 3660 contentus
1428 3616 1541 3660 eas
1602 3598 1879 3662 strictim

385 3696 843 3781 proposuisse,
921 3718 1193 3780 quarum
1273 3698 1586 3781 judicium
1669 3699 1879 3762 laxius

381 3799 754 3882 expositum
818 3799 996 3862 dabit
1053 3800 1137 3865 cl.
1198 3800 1395 3865 abbas
1448 3801 1878 3864 Mazzolenus

384 3900 452 3962 in
480 3923 592 3963 sua
617 3908 696 3965 de
717 3907 1096 3983 imperatore
1118 3909 1692 3986 animadverst'one.
1718 3904 1878 3982 Ejus

384 4003 652 4089 generis
706 4004 830 4067 suit
884 4006 1204 4092 sententia
1248 4006 1497 4069 Norisii
1534 4005 1874 4090 Pagiique,

386 4107 499 4190 qui
550 4095 864 4183 sanxere,
909 4128 1312 4190 praenomen
1352 4108 1769 4192 imperatoris
1807 4108 1876 4169 in

300 4249 303 4256 ‹
384 4209 554 4270 lulio
588 4211 875 4274 xCaesare
930 4208 1134 4273 fuisse
1188 4211 1341 4293 puri
1393 4213 1536 4297 puti
1576 4210 1873 4289 honoris,

381 4310 628 4372 nullam
689 4312 1286 4394 autem,ma5'orem
1349 4316 1707 4394 potentiam
1767 4313 1875 4376 ad·

381 4410 652 4478 didisse.
716 4416 804 4478 At
844 4412 1259 4490 Harduinus,
1301 4429 1377 4478 ut
1417 4435 1647 4480 omnes
1692 4417 1875 4480 novi-

438 4613 517 4720 ἐι)
560 4648 888 4727 Capitolin.
926 4649 989 4707 in
1026 4649 1292 4710 Macrino
1331 4667 1379 4711 c.
1414 4652 1474 4715 6.

381 4734 450 4811 d)
488 4739 528 4799 l.
566 4759 619 4802 c.
656 4759 794 4819 pag.
833 4747 919 4805 18.
958 4758 1080 4816 seq.

1661 4649 1731 4722 b)
1772 4650 1836 4708 L.
1876 4648 2143 4709 Lxx1x.
2186 4651 2233 4723 §·
2262 4659 2315 4709 2.

3360 490 3508 574 349

2007 666 2191 723 mus,
2278 660 2509 712 auctor
2590 647 2973 732 opinionum
3055 649 3501 737 insolentium,

2006 748 2245 833 cuique
2321 741 2622 814 ἀσπουδον
2702 769 2852 812 cum
2912 771 3108 818 sensu
3167 763 3501 825 communi

2005 850 2257 913 bellum
2299 850 2458 929 fuit,
2517 849 2837 916 vocabula
2884 857 3264 936 imperator,
3317 868 3499 942 prin·

2005 975 2187 1035 ceps,
2233 956 2567 1035 Anynstns
2614 952 3071 1037 distinguenda
3110 974 3299 1024 acute
3349 982 3501 1026 cen.

2008 1056 2176 1130 suit,
2234 1069 2661 1141 praetexens,
2721 1054 3189 1142 imperatorem
3239 1082 3385 1137 esse
3432 1069 3502 1128 in

2004 1157 2339 1241 exercitu,
2384 1158 2747 1240 principem
2784 1160 2850 1221 in
2890 1161 3087 1236 urbe,
3134 1166 3499 1247 Augustum

2006 1257 2072 1317 in
2108 1259 2487 1342 provinciis.
2549 1260 2904 1326 Praeterea
2949 1264 3127 1325 aliud
3170 1269 3499 1334 exstitisse
3563 1292 3566 1295 ’

2006 1358 2333 1423 Graecum
2405 1352 2873 1441 ἀυτοκςὲιτοςος,
2948 1366 3125 1427 aliud
3191 1369 3502 1435 Latinum

2003 1461 2420 1545 imperatoris
2482 1482 2763 1538 nomen,
2824 1481 2887 1527 et
2933 1468 3190 1532 similis.
3278 1471 3366 1535 Et
3410 1487 3500 1539 ts-

2005 1583 2155 1625 men
2191 1576 2498 1647 repertus
2536 1578 2639 1627 est
2669 1565 2773 1631 vir
2807 1566 3089 1652 *insignis
3123 1572 3500 1654 patientiae,

2004 1664 2472 1747 spanhemius,
2547 1666 2658 1750 qui
2732 1667 2847 1731 has
2906 1670 3155 1755 ingenii
3226 1676 3495 1742 technas

2001 1764 2163 1829 tanti
2240 1767 2519 1847 putavit,
2588 1782 2660 1829 ut
2732 1771 2989 1854 prolixe
3059 1774 3380 1838 refutaret
3411 1781 3493 1863 ⁰).

2001 1867 2104 1927 Ex
2137 1882 2359 1930 mente
2395 1871 2770 1933 Maszoleni
2801 1890 3043 1935 nomen
3077 1876 3494 1960 imperatoris

2000 1966 2087 2032 ob
2137 1970 2439 2033 victorias
2479 1990 2674 2033 eausa
2720 1985 2790 2034 et
2831 1975 3090 2038 occasio
3127 1974 3250 2040 fuit
3288 1983 3494 2044 nomi-

1997 2070 2099 2132 nis
2142 2070 2558 2153 imperatoris
2602 2073 2689 2136 ob
2732 2073 3079 2157 imperium
3110 2077 3195 2161 d).
3282 2081 3495 2166 Argu·

1996 2174 2235 2234 mentis
2287 2172 2489 2237 utitur
2542 2174 2903 2240 commodis
2951 2199 3137 2257 sane,
3185 2203 3350 2265 quse
3395 2186 3492 2252 in-

1992 2272 2098 2337 fra
2146 2275 2476 2360 aliquanto
2524 2279 2887 2343 accuratius
2937 2278 3006 2340 in
3056 2296 3327 2347 examen
3380 2308 3492 2352 vo-

1994 2376 2312 2441 cabimus.

2559 2525 2601 2564 fi·
2726 2479 2768 2517 Δ,
2894 2528 2935 2568 ff

2117 2581 2454 2642 Hactenus
2498 2581 2824 2664 triplicem
2868 2584 3038 2646 tituli
3074 2584 3486 2669 imperatorii

1994 2680 2542 2764 significationem
2582 2703 2658 2747 ac
2701 2698 2993 2748 naturam
3043 2692 3486 2770 exposuimus·

1993 2785 2259 2862 Restat,
2303 2794 2410 2863 ιιιι,
2456 2806 2594 2885 quq
2630 2787 2827 2855 modo
2871 2788 2950 2852 iis
2998 2792 3367 2877 principes,
3412 2818 3489 2858 ae

1994 2890 2346 2971 praecipue
2386 2888 2456 2950 in
2500 2903 2761 2953 moneta
2804 2893 2905 2954 usi
2958 2890 3237 2970 fuerint,
3278 2896 3490 2979 expli·

1991 3010 2241 3055 cemus.
2326 2994 2402 3052 ln
2466 2989 2589 3053 hac
2634 3006 3047 3056 memoratur
3105 2995 3330 3058 titulus
3373 2999 3494 3061 im·

1991 3092 2317 3176 peratoris
2361 3106 2661 3173 tanquam
2717 3116 3133 3172 praenomen,
3191 3112 3262 3159 et
3321 3099 3489 3162 alter

1992 3213 2079 3253 ea·
2122 3196 2416 3254 victoriis
2459 3206 2699 3273 partus.
2806 3195 3041 3258 Varios
3084 3197 3204 3259 hos
3249 3199 3481 3263 modos

1994 3289 2063 3351 in
2106 3303 2293 3352 certa
2331 3292 2544 3374 capita
2586 3293 2979 3361 dividemus.

2659 3509 2727 3598 §-
2771 3516 2822 3578 1.

1993 3669 2075 3762 In
2107 3701 2555 3762 nonnullorum
2586 3702 3020 3781 Assya-storum
3048 3706 3260 3764 smmis
3291 3707 3482 3786 inspe-

2178 3804 2418 3864 ratos-is
2448 3821 2838 3881 praenomen
2871 3806 3301 3884 postponitur.

2086 4003 2418 4069 'Diximus
2462 4021 2694 4087 supra,
2736 4004 2999 4069 titulum
3042 4007 3479 4091 imperatoris,

1990 4128 2140 4172 cum
2225 4107 2669 4191 praenominis
2740 4105 2943 4170 instar
3020 4109 3269 4191 positus
3344 4112 3486 4188 suit,

1990 4231 2313 4274 summum
2355 4231 2479 4308 per
2526 4210 2756 4274 orbem
2796 4211 2878 4274 R.
2924 4209 3325 4296 significasse
3368 4215 3485 4275 im·

1988 4315 2282 4399 perium,
2328 4326 2521 4396 atque
2568 4313 2691 4375 hac
2742 4308 2824 4372 de
2873 4329 3062 4373 causa
3109 4311 3478 4392 Suetonius,

1986 4434 2135 4480 cum
2176 4414 2510 4498 fastigium
2553 4409 2725 4475 istud
2767 4410 3058 4476 indicare
3101 4416 3339 4492 voluit,
3382 4417 3477 4480 di-

2519 4648 2580 4730 c)
2616 4646 2783 4706 Tom.
2822 4645 2895 4706 11.
2932 4666 3069 4727 pag.
3106 4660 3217 4726 393
3254 4663 3313 4709 et
3346 4659 3475 4718 405.
3539 4677 3542 4680 ¹
