4388 5576
1801 721 3003 836 -MONITVM

891 1114 924 1126 aa·

932 1286 936 1289 >
995 1251 1080 1309 Vt
1093 1258 1380 1310 extrema
1397 1227 1654 1329 imperii
1668 1251 1738 1310 R.
1760 1257 2043 1326 tempora
2062 1252 2360 1330 lonqissi·

861 1369 964 1411 me
996 1370 1040 1408 a
1076 1360 1286 1410 vetere
1318 1353 1666 1430 diqnitate,
1703 1353 2086 1428 praesidiis,
2135 1355 2361 1412 existi·

816 1525 822 1531 .
860 1453 1146 1512 matione
1176 1455 1523 1527 distabant,
1561 1457 1657 1513 sic
1688 1463 1754 1514 et
1782 1463 2070 1514 extrema
2098 1457 2238 1529 eius
2261 1473 2362 1515 res

787 1545 800 1556 ”
835 1556 1164 1614 ἠαηιανία
1193 1556 1363 1615 nihil
1381 1540 1573 1616 babet
1589 1557 1974 1627 meritorum,
2004 1558 2235 1636 quibus
2260 1575 2363 1615 su-

850 1656 1130 1732 perioris
1177 1659 1327 1715 aevi
1372 1666 1624 1718 moneta
1666 1659 1987 1717 excelluit.
2050 1661 2361 1733 Quemad-

858 1758 1113 1816 modum
1143 1758 1317 1816 enim
1356 1760 1514 1818 haec
1535 1760 1782 1836 partim
1818 1762 1912 1818 ad
1944 1762 2361 1839 antiquitatis

854 1858 1192 1916 scientiam
1210 1863 1558 1936 praeclara
1587 1880 1668 1920 ac
1687 1862 1950 1937 copiosa
1972 1862 2196 1920 attulit
2212 1863 2356 1920 sub-

854 1950 1049 2031 sidia,
1073 1955 1320 2035 plrtim
1354 1964 1518 2021 artis
1533 1953 1968 2041 perfectiones
1985 1971 2049 2021 et
2072 1963 2353 2040 diqnita·

855 2070 918 2120 te
942 2062 1297 2140 imaqinum
1325 2067 1562 2137 oculos,
1595 2067 2001 2144 animumque
2024 2066 2354 2137 recreavit,

2478 1254 2606 1313 tius
2644 1254 2928 1313 instituti
2950 1259 3206 1331 partem
3237 1253 3472 1331 efficit,
3519 1257 3741 1317 abesse
3763 1261 3985 1336 possit

2475 1354 2796 1435 conqueri,
2831 1373 3024 1434 quam
3051 1362 3127 1413 ut
3148 1357 3415 1433 diqnum
3440 1375 3673 1434 operae
3688 1359 3978 1436 fructum

2466 1458 2803 1550 facturum
2834 1474 3076 1534 sperem
3092 1498 3109 1530 ,
3152 1457 3269 1538 qui
3293 1457 3500 1517 hercle
3528 1461 3612 1518 ab
3638 1462 3760 1538 hac
3786 1482 3979 1540 arqu-

2478 1567 2826 1618 mentorum
2860 1560 3204 1618 sterilitate
3216 1594 3257 1631 ‚·
3269 1559 3600 1636 inyruente
3620 1563 3979 1640 paullatim

2477 1660 2690 1735 operis
2734 1660 3104 1722 incredibili
3147 1660 3448 1719 barbarie
3461 1702 3478 1733 ,
3524 1680 3604 1721 ac
3644 1670 3741 1722 tot
3772 1664 3981 1724 ambi-

2469 1778 2743 1837 9uorum
2786 1762 2974 1821 nodis
2991 1803 3008 1834 ,
3054 1764 3170 1841 qui
3209 1763 3526 1821 vindicem
3573 1766 3840 1824 necdum
3877 1784 3977 1826 re·

2461 1879 2719 1938 perere,
2771 1863 3046 1923 obtineri
3076 1865 3335 1944 nequit.-
3368 1865 3767 1941 Quapropter
3799 1868 3977 1947 quod

2470 1964 2564 2021 ad
2578 1963 2770 2040 facta
2795 1965 3104 2024 historica
3130 1965 3380 2044 attinet,
3415 1967 3738 2025 Bandurii
3761 1985 3979 2026 exem·

2463 2067 2578 2142 plo
2611 2084 2806 2124 unum
2833 2067 3004 2142 lubet
3032 2068 3213 2147 sequi
3240 2067 3644 2145 Ducanqium
3658 2110 3675 2140 ,
3711 2070 3827 2150 qui
3853 2070 3977 2129 im·

852 2165 972 2236 ita,
1008 2182 1178 2243 quae
1200 2168 1561 2239 praesentis
1595 2173 1695 2225 est
1722 2168 1888 2238 aevi,
1920 2185 2072 2225 raro
2104 2167 2364 2245 aliquid
2463 2168 2863 2244 peratoriam
2889 2170 3028 2242 ejus
3056 2169 3206 2227 aeci
3231 2168 3568 2227 historiam
3598 2172 3971 2245 complexus

747 2249 752 2250 ἶ
850 2264 1058 2340 offert,
1094 2267 1270 2345 quod
1290 2268 1383 2340 ad
1407 2267 1617 2324 dictas
1639 2265 2107 2327 causasvatere
2124 2271 2351 2343 possit,

852 2366 1023 2423 nihil
1039 2383 1215 2439 vero,
1251 2368 1426 2445 quod
1451 2386 1581 2426 non
1608 2371 1793 2428 modo
1809 2372 2055 2444 J’uvare
2083 2379 2352 2430 mentem

853 2467 1193 2548 oculosque
1210 2470 1442 2543 possit,
1472 2471 1590 2528 sed
1609 2479 1674 2528 et
1698 2470 1781 2528 ab
1809 2473 1949 2546 ejus
1973 2475 2351 2549 contempla-

852 2570 1026 2627 tione
1043 2586 1172 2627 non
1181 2568 1566 2644 planissime
1582 2572 1954 2631 absterreat.
1977 2574 2192 2646 Quare
2208 2593 2349 2634 cum

848 2671 1029 2729 numi
1079 2679 1318 2733 veteres
1370 2681 1616 2732 tantum
1656 2683 1916 2758 propter
1967 2676 2084 2732 has
2102 2716 2118 2747 ‚
2185 2694 2349 2755 quas

848 2774 1035 2834 modo
1059 2775 1560 2848 commemoravi,
1582 2794 1814 2856 causas
1839 2777 2090 2837 soleant
2112 2778 2345 2854 casseti,

845 2876 960 2933 ubi
981 2875 1104 2934 leae
1125 2876 1442 2947 deficiunt,
1470 2878 1696 2939 licebit
1712 2879 2000 2938 omittere
2018 2879 2346 2953 explican-

844 2977 937 3047 di,
976 2978 1453 3058 disserendique
1483 2981 1964 3053 contentionem,
1998 2999 2165 3060 quae
2192 2981 2347 3040 olim

833 3086 1097 3155 propter
1132 3083 1496 3157 arqumenti
1518 3085 2012 3158 praestantiam
2029 3083 2199 3141 vires
2234 3102 2344 3143 no-

841 3187 1013 3238 stras
1062 3177 1257 3263 atque
1307 3183 1633 3261 inqenium
1684 3186 1988 3244 exercuit.
2071 3186 2342 3244 Veniam

840 3299 992 3359 erqo
1018 3284 1302 3344 merebor
1316 3327 1332 3358 ‚
1368 3287 1429 3344 si
1444 3326 1460 3359 ,
1493 3274 1668 3367 quod
1687 3296 1976 3347 monetae
2001 3288 2339 3359 imperato-

838 3384 990 3464 riae
1012 3386 1327 3467 reliquum
1358 3396 1473 3458 est,
1511 3395 1818 3470 tanquam
1835 3397 1985 3466 post
2013 3389 2337 3466 leqionum

836 3487 1031 3549 robur
1078 3507 1306 3566 aymen
1359 3490 1563 3563 iners,
1615 3499 1680 3551 et
1703 3493 2062 3569 imnum,
2100 3492 2335 3575 paucis

837 3589 1048 3676 verbis
1078 3589 1439 3666 absolvam,
1476 3595 1686 3671 maqis
1719 3612 1800 3654 ne
1832 3595 2007 3676 quis,
2039 3594 2217 3673 quod
2243 3599 2335 3652 to·

2471 2277 2570 2328 cst
2598 2271 2669 2328 in
2687 2271 3027 2347 praeclaro
3057 2287 3262 2345 opere,
3296 2270 3471 2348 quod
3498 2264 3811 2329 Familiae
3841 2270 3975 2349 By·

2472 2359 2769 2428 zantinse
2813 2371 3221 2442 inscribitur,
3267 2379 3334 2430 et
3381 2372 3657 2449 sinqulis
3696 2374 3972 2450 impera·

2468 2476 2712 2534 toribus
2775 2474 3090 2547 subjicere
3147 2491 3373 2531 numos
3444 2474 3745 2545 modicis,
3820 2494 3969 2534 cum

2464 2577 2697 2635 mereri
2730 2576 3139 2646 videbuntur,
3174 2575 3646 2634 commentariis
3677 2575 3969 2634 illustra·

2466 2686 2595 2749 tos,
2642 2677 2887 2736 additis
2934 2676 3396 2754 insiqnioribus
3438 2676 3609 2747 illis,
3655 2677 3770 2757 qui
3808 2685 3970 2754 post

2465 2781 2798 2852 Bandurii·
2828 2779 3194 2858 cataloqum
3231 2778 3307 2837 'in
3354 2778 3556 2847 lucem
3593 2780 3964 2856 prodicere.
4050 2838 4055 2841 ,
4084 2818 4095 2825 -

2464 2883 2805 2941 Enimvero
2838 2890 3086 2940 tantum
3112 2881 3309 2951 abest,
3344 2888 3420 2939 ut
3445 2881 3529 2940 ab
3561 2882 3752 2956 hujus
3781 2891 3965 2942 aeta-

2460 2985 2548 3063 tis
2581 2986 2792 3042 numis
2826 2983 3118 3063 aliquam
3146 2982 3359 3058 possit
3389 2983 3665 3053 historia
3699 3001 3981 3060 sperare,

2460 3104 2639 3161 opem
2658 3127 2676 3156 ,
2706 3093 2781 3144 ut
2815 3103 2959 3143 eam
2983 3085 3253 3159 potius,
3277 3083 3336 3140 si
3370 3083 3507 3143 illis
3542 3086 3788 3155 nitare,
3807 3104 3962 3162 per-

2459 3187 2738 3259 turbent,
2801 3186 3291 3265 impediuntque.
3380 3187 3549 3263 Leye
3565 3227 3583 3256 ,
3645 3187 3707 3244 si
3755 3187 3950 3262 lubet,

2454 3306 2621 3383 qnae
2655 3290 2734 3347 de
2764 3287 3284 3365 inscriptionibus
3312 3288 3573 3348 veritati
3605 3290 3959 3350 historicae

2454 3391 2526 3447 in
2575 3391 2765 3465 hujus
2804 3391 3041 3449 aetatis
3077 3397 3331 3449 moneta
3359 3389 3559 3467 plane
3598 3390 3956 3450 contrariis

2445 3490 2698 3567 pridem
2731 3499 3109 3573 conquestus
3137 3499 3239 3552 est
3265 3492 3633 3552 Bandurius
3664 3491 3744 3572 ἃ).

1953 3906 2825 3953 m

896 4698 960 4769 a)
1002 4695 1170 4754 Tom.
1213 4695 1290 4755 11.
1328 4716 1390 4774 p.
1425 4696 1532 4761 461
1573 4659 1712 4756 nota
1748 4710 1815 4770 3,
1856 4712 1913 4759 et
1950 4719 2012 4775 Ρ.
2047 4701 2159 4765 456
2197 4712 2334 4761 nota
2373 4711 2431 4761 2.
