4388 5576
1395 400 1964 514 tthAst
2048 403 2137 477 11.

256 604 421 657 tanto
451 587 662 672 magis
697 580 1037 680 utriusque
1083 582 1148 645 in
1192 581 1554 644 Christiana
1609 595 1737 646 stu·

256 692 366 755 diis
392 690 822 766 irascebatur,
853 699 1089 770 quanto
1119 683 1476 769 impensius
1496 696 1738 745 utrum-

256 814 405 879 que,
469 812 545 853 ac
607 790 911 875 privatim
975 785 1420 849 Constantium
1465 797 1740 868 propter

254 893 643 959 continuatas
693 891 925 951 domus
982 908 1137 948 suae
1195 886 1429 948 caedes
1490 886 1737 960 oderat,

256 1012 316 1059 et
375 993 593 1057 odisse
658 991 904 1052 debuit.
1004 991 1188 1071 Ergo
1224 983 1398 1050 'cum
1456 987 1741 1069 primum

254 1105 572 1180 Augustus
607 1095 747 1156 sine
777 1090 1037 1153 aemulo
1068 1090 1212 1164 fuit,
1253 1109 1555 1150 reserare
1588 1087 1742 1150 deo-

251 1221 384 1268 rum
463 1197 749 1279 templa,
834 1193 994 1256 illuc
1065 1191 1308 1254 hostias
1365 1188 1736 1252 incredibili

253 1318 521 1364 numero
565 1298 874 1381 adigere,
934 1295 1075 1376 ipse
1122 1293 1340 1356 securi
1382 1294 1735 1355 admovere

258 1421 543 1475 manum,
629 1400 724 1461 sic
797 1411 869 1459 ut
924 1396 1323 1460 victimarius
1396 1413 1517 1476 per
1577 1391 1745 1464 ludi-

257 1500 455 1561 brium
493 1500 870 1572 diceretur,
914 1498 1053 1581 ipse
1091 1508 1508 1579 comportare
1544 1493 1741 1575 ligna,

258 1602 615 1665 accendere
662 1602 920 1676 focum‘,
968 1595 1346 1660 exsecandis
1391 1617 1428 1657 e
1475 1594 1743 1657 cadave-

255 1703 419 1763 ribus
479 1702 651 1766 extis
710 1703 1033 1782 Augustas
1089 1712 1434 1759 cruentare
1492 1718 1736 1770 manus,

254 1801 446 1886 iisque
516 1800 937 1884 inspiciendis
1006 1797 1554 1882 consulendisque
1634 1796 1739 1859 ad-

254 1917 511 1970 vertere
574 1899 899 1975 animum,
977 1922 1163 1984 quam
1226 1899 1540 1961 insaniam
1602 1920 1745 1980 gra·

254 2005 410 2066 viter
437 2003 832 2087 perstrinxit
868 2003 1240 2065 Ammianus
1272 2001 1412 2085 ipse
1436 2043 1454 2075 ,
1501 2014 1568 2061 ut
1607 1999 1744 2061 ido-

255 2104 455 2167 lorum
503 2106 749 2180 cultor,
816 2105 908 2172 sic
950 2102 1151 2185 judex
1202 2100 1626 2184 aequissimus
1660 2102 1741 2183 ⁸).

259 2206 348 2270 Ad
386 2210 550 2270 baec
586 2185 954 2280 ominibus‘,
1018 2204 1172 2265 visis
1210 2202 1568 2294 secundum
1608 2202 1746 2286 qui-

262 2322 453 2385 etem,
510 2306 838 2393 prodigiis
871 2302 1236 2367 miseranda
1277 2292 1741 2385 superstitione

261 2409 443 2473 iidem
486 2408 779 2481 habere,
846 2406 1083 2488 vigiliis
1140 2405 1534 2492 jejuniisque
1594 2424 1742 2467 sese

261 2512 331 2572 ad
378 2512 654 2575 deorum
708 2527 1050 2569 occursum
1087 2524 1516 2588 praeparare,
1579 2525 1742 2589 quos

264 2633 440 2698 saepe
500 2632 589 2674 ex
651 2608 939 2692 Olympo
999 2607 1453 2682 descendisse,
1528 2618 1600 2666 ut
1662 2605 1742 2667 ad

263 2718 557 2780 amasium
606 2732 797 2778 suum
836 2710 1231 2782 inviserent,
1278 2707 1417 2792 ejus
1460 2706 1745 2768 suaviter

264 2815 605 2898 contigisse
645 2836 874 2880 manus
920 2812 1322 2895 crinesque„v
1362 2822 1435 2903 ‘et
1487 2823 1617 2872 tam
1655 2811 1746 2874 fa·

265 2915 597 2978 miliariter
656 2915 778 2977 illo
832 2934 1022 2990 usos,
1085 2925 1158 2975 ut
1214 2911 1297 2975 ad
1356 2924 1746 2989 extremum,

267 3036 415 3098 quae
488 3017 573 3079 sit
648 3010 858 3089 Iovis,
935 3034 1106 3098 quae
1183 3013 1522 3077 Minervae
1593 3034 1744 3090 vox,

267 3136 417 3199 quae
480 3115 809 3201 Apollinis
865 3114 1116 3185 forma,
1186 3135 1352 3198 quae
1410 3114 1747 3197 Herculis,

265 3217 446 3280 facile
480 3218 939 3301 dignosceret,
984 3215 1289 3299 perhibet
1318 3216 1627 3279 Libanius
1655 3215 1746 3299 ¹³).

269 3318 350 3377 ni
397 3321 452 3382 si
503 3310 765 3394 mo‘res,
829 3330 1022 3400 atque
1077 3317 1184 3379 hic
1241 3320 1438 3380 animi
1489 3316 1746 3381 habitus

276 3419 324 3479 si
364 3436 578 3503 potest
622 3433 956 3502 praestare
1018 3418 1477 3503 philosophum
1505 3465 1520 3495 ,
1581 3416 1747 3483 nihil

273 3541 412 3584 sane
442 3522 761 3591 obstabit,
808 3543 935 3605 quo
982 3520 1193 3587 minus
1236 3523 1587 3598 Antonios,
1631 3522 1748 3583 Pa·

272 3623 589 3701 chomios,
658 3614 1033 3685 Hilariones
1077 3623 1508 3707 philosophos
1560 3641 1748 3709 prae-

271 3738 539 3799 stemus,
599 3743 762 3808 quos
827 3736 1048 3785 tamen
1091 3724 1139 3783 ii
1182 3722 1341 3807 ipsi,
1391 3725 1503 3809 qui
1549 3723 1750 3787 maxi·

272 3846 371 3887 me
442 3826 762 3889 lulianum
817 3824 1278 3910 philosophum
1349 3823 1747 3908 praedicant,

274 3928 480 4011 solent
508 3925 756 3989 ridere.

275 4041 615 4109 captusque
649 4027 1112 4108 superstitione
1148 4026 1395 4090 animus
1431 4025 1604 4088 istud
1624 4048 1752 4089 ma-

274 4127 450 4213 xime
487 4127 610 4190 sibi
672 4127 906 4191 habeat
961 4130 1339 4213 proprium,
1410 4141 1480 4191 ut
1528 4149 1752 4210 quem-

279 4246 396 4309 que
442 4250 813 4306 susurrum,
881 4250 1169 4314 quasque
1225 4230 1431 4293 aniles
1478 4228 1785 4307 fabulas,-

280 4330 464 4394 modo
515 4353 748 4395 causae
812 4353 964 4395 suae
1028 4332 1345 4410 serviant,
1377 4332 1384 4337 ’
1420 4330 1538 4393 sed
1595 4352 1753 4417 quas

843 3927 1141 4009 Cumque
1186 3945 1379 3990 error
1410 3925 1770 4002 fanaticus„

3122 427 3126 433 ’
3183 429 3321 493 131

1805 633 1824 656 ,
1852 580 2459 666 philosophia‘jure,
2483 585 2874 653 condemnat
2903 635 2919 665 ‚
2982 591 3176 656 facile
3204 616 3353 666 pre.

1854 684 2000 762 dat,
2070 687 2319 748 nemini
2393 686 2629 750 mirum
2697 691 3065 769 videbitur,
3152 695 3345 760 Iulia.

1853 808 2007 848 num
2053 786 2340 851 libenter
2399 790 2771 873 amplexum
2833 795 3068 858 tradita
3125 796 3350 860 civita-

1809 903 1989 950 ·tum
2078 888 2158 951 ab
2246 890 2469 954 ultima
2557 893 2934 977 antiquitate
3021 896 3343 980 prodigia,

1852 1011 2016 1073 quae
2055 991 2180 1071 jam
2234 1005 2368 1054 tum
2422 994 2710 1058 aniculas
2756 996 2930 1059 inter
2979 1019 3356 1084 puerosque

1852 1094 1960 1154 vix
2016 1090 2216 1154 fidem
2279 1095 2554 1182 amplius
2619 1116 2959 1178 reperere.
3006 1157 3033 1192 ι
3066 1102 3347 1165 miracu-

1849 1193 1982 1254 lum
2039 1195 2347 1260 Claudiae
2402 1197 2725 1274 Vestalis,
2791 1219 2956 1281 quae
3013 1202 3151 1264 sola
3209 1206 3347 1278 Ma-

1793 1325 1800 1334 =
1850 1291 1967 1356 tris
2003 1292 2199 1357 deum
2245 1297 2459 1360 navim
2504 1298 2785 1381 adligata
2839 1321 3006 1365 zona
3045 1317 3352 1383 traxerat,
3454 1355 3455 1360 1

1856 1416 2004 1459 cum
2039 1398 2186 1461 late.
2213 1414 2613 1475 enarrasset,
2659 1401 2821 1464 baec
2862 1405 3169 1467 continuo
3209 1408 3355 1468 sub-

1855 1496 2045 1579 jecitt
2108 1522 2475 1584 quanquam
2509 1506 2644 1566 scio
2668 1547 2684 1576 ‚
2730 1510 3071 1570 nonnullos
3118 1530 3201 1571 ea:
3245 1515 3353 1585 iis,

1856 1603 1969 1690 qui
2008 1605 2202 1663 nimis
2246 1613 2397 1664 suut
2443 1608 2761 1682 sapientes
2781 1649 2797 1679 ‚
2844 1609 3003 1668 haec
3048 1619 3355 1694 tanquam

1855 1704 2376 1767 muliercularum
2393 1706 2831 1766 intolerabiles
2851 1727 3058 1786 nuyas
3087 1721 3359 1772 contem-

1847 1809 2093 1877 pturos.
2157 1804 2324 1862 Mihi
2355 1824 2503 1867 vero
2545 1791 2917 1868 civitatibus
2947 1812 3105 1886 ipsis
3143 1817 3385 1889 major.
3440 1839 3441 1842 ¹

1855 1903 2148 1962 habenda
2171 1905 2333 1982 fides
2363 1905 2645 1979 videtur,
2671 1920 2886 1988 ‘quam
2933 1913 3115 1970 scitis
3145 1921 3211 1973 et
3231 1916 3360 1974 ele·

1851 2005 2159 2081 qualibus
2187 2007 2364 2078 istis,
2409 2026 2674 2086 quorum
2714 2010 3005 2070 animula
3041 2014 3186 2071 acri
3215 2017 3356 2094 qui-

1856 2089 1998 2164 dem
2050 2106 2266 2165 indole
2306 2105 2608 2181 praedita
2651 2116 2784 2179 est,
2814 2114 2965 2170 *sed
3005 2114 3174 2172 nihil
3206 2119 3357 2175 sani

1858 2207 2148 2265 contueri
2185 2193 2419 2284 polest.
2505 2206 2687 2267 Haec
2735 2225 2880 2270 cum
2928 2210 3095 2291 legis
3123 2257 3140 2286 ,
3187 2211 3354 2274 aude

1858 2302 2320 2389 philosophum
2358 2303 2692 2368 *Iulianum
2747 2329 2893 2371 cum
2930 2312 3352 2398 philosopho

1858 2404 2172 2487 Arpinate
2224 2425 2645 2489 componere.
2707 2391 2881 2506 'Hoc
2932 2425 3048 2476 suo
3089 2416 3349 2479 adfectu

1843 2525 2005 2566 ¹cum
2043 2506 2461 2590 exstinguere
2501 2509 2931 2574 Christianum
2974 2535 3212 2580 nomen
3245 2537 3354 2580 cu·

1843 2599 2081 2689 peret,
2125 2628 2257 2669 non
2294 2609 2409 2674 ille
2447 2611 2885 2688 Christianos,
2930 2618 3102 2697 quod
3145 2640 3181 2681 a
3218 2639 3357 2694 mo·

1859 2706 2038 2769 ribus
2102 2709 2236 2772 suis
2294 2710 2577 2774 alienum
2637 2726 2808 2792 erat,
2870 2720 3214 2781 tormentis
3257 2723 3356 2784 in-

1862 2810 2099 2872 sectari
2170 2811 2441 2893 voluit,
2490 2815 2608 2879 sed
2666 2817 2877 2879 modis
2938 2819 3120 2898 aliis,
3162 2843 3353 2906 equos

1864 2913 2043 2974 omni
2117 2915 2504 2981 crudelitate
2572 2918 2973 2983 valentiores
3032 2924 3354 3009 sperabat.

1857 3014 2107 3076 Eorum
2168 3019 2342 3079 enim
2402 3016 2645 3103 pueros
2700 3044 2741 3083 a
2801 3021 2970 3085 ludis
3036 3025 3349 3090 literariis

1861 3117 2103 3192 arcuit,
2148 3137 2233 3180 ne
2272 3119 2471 3182 adulti
2502 3135 2718 3188 essent
2745 3123 3011 3207 ingenio
3048 3127 3128 3188 ad
3167 3148 3355 3192 ever-

1841 3215 2124 3287 tendam
2185 3224 2712 3304 superstitionem
2773 3244 3046 3307 capace,
3112 3227 3351 3292 deinde

1862 3320 2206 3404 episcopos
2245 3323 2471 3385 exules
2521 3326 2650 3387 suis
2688 3345 2918 3387 omncs
2956 3329 3218 3391 sedibus
3249 3352 3358 3393 re-

1863 3421 2100 3495 stituit,
2147 3434 2217 3482 ut
2243 3420 2416 3484 inter
2459 3445 2529 3485 se
2562 3426 2788 3508 jurgiis
2837 3426 3356 3510 odiisque-colli-

1862 3522 1955 3596 si,
2002 3534 2069 3583 ut
2107 3522 2381 3585 antebac
2438 3524 2717 3603 factum,
2764 3528 3145 3591 Christianis
3192 3533 3354 3617 ipsis

1862 3635 2080 3683 essent
2120 3620 2496 3721 despicatui.
2571 3631 2901 3704 Demens,
2947 3630 3055 3711 qui
3088 3651 3218 3693 non
3248 3634 3357 3697 re-

1862 3720 2141 3791 flexerat
2220 3727 2498 3789 animum
2535 3740 2571 3803 ,‘
2641 3728 2981 3815 opiniones
3057 3733 3353 3817 humanis

1863 3824 2190 3888 mentibus
2261 3816 2391 3891 alte
2457 3828 2700 3905 defixas
2783 3847 3150 3920 amatusque
3221 3858 3354 3902 non

1863 3948 2057 4009 posse
2104 3927 2242 3992 sive
2287 3930 2782 4013 benevolentia,
2840 3938 2976 3997 sive
3024 3940 3353 4006 terriculis
3414 3983 3425 3997 =

1865 4028 2221 4108 eradicari,
2289 4047 2357 4094 et
2406 4053 2750 4118 perperam
2790 4050 2922 4099 tum
2959 4043 3203 4119 cultum
3244 4064 3352 4118 ⁴re-

1863 4130 2168 4214 ligiosum
2234 4136 2598 4223 oppugnari
2675 4139 3162 4226 quibuscunque
3220 4164 3389 4217 ma-¹

1866 4232 2111 4310 chinis,
2153 4236 2412 4317 quando
2467 4237 2607 4319 ejus
2645 4238 3002 4306 illecebrae
3045 4245 3173 4327 jam
3216 4268 3351 4311 ma-

1867 4353 2059 4417 gnam
2115 4337 2346 4420 populi
2412 4353 2675 4422 partem>
2743 4362 3169 4425 occupavere.
3253 4350 3349 4434 ᾼο

284 4518 3340 4558 mmm—m·

343 4639 405 4709 a)
439 4638 730 4733 1..·xxl1.
770 4642 819 4698 ό.
865 4654 947 4703 12.
994 4649 1079 4704 14.
1223 4624 1300 4716 Β)
1335 4641 1531 4720 Legat.
1569 4643 1649 4702 ad
1685 4642 1895 4708 Iulian.
1933 4632 2093 4705 et‘in
2132 4645 2297 4705 Orat.
2334 4648 2621 4725 parental.
2649 4652 2708 4708 ,α
2747 4643 2839 4717 83.

2799 4744 2943 4808 112
