4388 5576
1135 522 1223 588 53
1627 502 2232 581 ADDENDA
2294 506 2448 578 AD
2521 494 3104 583 VOLVMEN
3173 503 3771 583 OCTAVVM„

2010 1212 3335 1327 ADDENDA

1308 1630 2522 1720 VOLVMEN

1476 2290 1549 2348 P.
1575 2287 1720 2362 455.
1753 2289 1879 2353 col.
1905 2304 1964 2353 2.
1984 2276 2123 2354 [ἰὴ.
2150 2288 2272 2353 33.ι

1124 2342 1839 2472 Omittendumforte,
1868 2410 2017 2452 nam
2050 2391 2202 2459 Vol.
2222 2394 2366 2460 Vn.
2394 2414 2462 2477 p.
2483 2396 2609 2470 405

1120 2488 1400 2569 produxi
1442 2510 1728 2553 marmor
1771 2491 1944 2556 haud
1977 2492 2065 2556 ita
2095 2494 2354 2579 pridem
2383 2517 2611 2579 reper-

1022 2626 1041 2637 „
1120 2602 1254 2650 tum
1275 2636 1293 2664 ‚
1344 2590 1412 2652 in
1446 2612 1575 2675 quo
1606 2591 1914 2656 Claudius
1950 2595 2057 2659 hic
2091 2599 2305 2679 palam
2341 2598 2610 2661 Germa-

1118 2693 1303 2757 nicus
1337 2691 1594 2758 dicitur.

1490 2881 1567 2941 P.
1588 2887 1735 2962 499.
1771 2882 1898 2944 col.
1918 2898 1975 2939 c.
2013 2884 2129 2943 liu.
2160 2904 2183 2941 ι
2204 2905 2258 2949 ι.

1248 2995 1407 3057 Dixi
1438 2995 1657 3073 altius,
1708 3002 1802 3080 (p.
1830 3008 1981 3081 497.
2019 3001 2146 3064 col.
2176 3002 2265 3082 ι.)
2312 3015 2614 3086 repertos

1122 3116 1583 3183 nonnunquam
1635 3097 1837 3160 fuisse
1873 3120 2103 3164 numos
2143 3124 2270 3166 una
2302 3122 2453 3167 cum
2483 3117 2610 3168 tra-

1119 3198 1291 3279 jecta
1350 3221 1473 3283 per
1515 3199 1815 3263 foramen
1878 3205 2204 3283 catenula,
2267 3206 2608 3291 visumque

1006 3335 1009 3338 -
1119 3300 1479 3378 nonnullis,
1529 3302 1669 3384 ejus
1719 3324 1847 3387 ope
1874 3305 1996 3369 hos
2033 3328 2265 3372 numos
2299 3329 2383 3371 ex
2411 3309 2612 3394 signis

1120 3403 1509 3468 militaribus
1550 3405 1962 3488 pependisse.
2015 3410 2284 3473 Rectius
2320 3413 2613 3475 Buonar·

1120 3506 1362 3581 retius,
1402 3527 1600 3590 quem
1630 3529 1894 3592 semper
1927 3526 2237 3595 expertus
2278 3535 2422 3576 sum
2455 3535 2609 3578 sane

1122 3627 1194 3670 ac
1239 3607 1458 3673 sobrie
1493 3608 1577 3673 de
1610 3630 1686 3675 re
1731 3632 2113 3697 quacunque
2162 3613 2489 3697 judicare,
2542 3617 2610 3678 in

2620 1454 2764 1512 AD

2776 1573 4015 1720 ocTAva

2728 2293 3280 2377 phylacteriorum
3313 2313 3430 2357 eos
3456 2292 3610 2355 Ioco
3639 2292 3904 2365 habuit,
3950 2286 4159 2368 illosque

2731 2416 2814 2459 ex
2849 2397 3056 2472 collo,
3111 2409 3221 2473 aut
3253 2394 3430 2458 nodo
3477 2392 3813 2478 pendulos
3870 2391 4044 2455 fuisse
4086 2405 4162 2467 ge-

2729 2508 2963 2574 statos,
2997 2511 3459 2574 cum‘constet,
3495 2496 3726 2559 multis
3758 2509 4036 2561 veterum
4065 2509 4165 2571 per-

2728 2621 2985 2661 suasum
3012 2598 3245 2675 fuisse,
3295 2620 3493 2683 reges
3527 2619 3604 2662 ac
3638 2598 3975 2683 principes
4013 2587 4166 2654 occul·

2730 2688 2860 2762 tam
2895 2700 3214 2786 quandam
3247 2700 3399 2778 vim,
3443 2715 3509 2764 et
3541 2698 3868 2764 adversus
3910 2699 4086 2778 ipsum
4112 2692 4168 2752 sa·

2732 2819 2870 2866 tum
2920 2802 3279 2867 efficaciam
3312 2804 3380 2865 in
3412 2825 3484 2866 se
3515 2802 3838 2865 habuisse
3870 2798 4166 2883 repositam.

2733 2907 3034 2987 (Osserv.
3073 2907 3263 2972 istor.
3290 2904 3556 2990 P·4¹3·)
3593 2906 3764 2966 Dixi
3801 2903 3967 2979 alibi,
4002 2903 4165 2981 (noct

2734 3009 2888 3075 Vol.
2919 3011 2996 3069 11.
3037 3030 3098 3091 p.
3132 3009 3311 3089 107.)
3376 3027 3461 3099 ex
3505 3006 3715 3068 simili
3772 3027 3955 3069 causa
3996 3019 4169 3065 aeneos

2727 3109 3083 3172 Alexandri
3097 3112 3190 3174 M.
3214 3130 3446 3172 numos
3477 3131 3514 3172 a
3543 3109 3760 3191 vulgo
3794 3102 4168 3188 superstitioso

2726 3210 2928 3275 fuisse
2969 3226 3283 3296 gestatos,
3339 3209 3598 3274 tametsi
3645 3208 3936 3272 dubitari
3965 3226 4073 3268 non
4097 3221 4194 3286 1³⁰¹,

2728 3328 2885 3391 test,
2934 3335 3130 3398 saepe
3186 3315 3375 3377 unius
3423 3312 3490 3374 in
3536 3312 3888 3395 principes
3943 3328 4068 3371 suos
4104 3301 4173 3365 acl·

2727 3407 2941 3478 fectus
2970 3436 3162 3480 causa
3183 3438 3431 3480 >eorum
3464 3414 3672 3506 fuisse
3704 3432 3943 3475 numos
3977 3426 4174 3492 snspen-

2730 3538 2857 3594 sos,
2891 3519 3220 3602 quomodo
3252 3531 3352 3581 tot
3380 3516 3892 3600 aliiprincipum
3928 3511 4104 3576 vultus
4125 3507 4168 3566 in

2728 3640 2987 3703 gemma
3018 3620 3298 3686 caelatos
3327 3631 3590 3703 gestare
3629 3626 4111 3685 consueverunt.
