4388 5576
1166 422 2102 584 coN'sTAVN'rIst
2185 467 2286 541 M.

3187 489 3294 570 ⁴89

193 679 256 726 0,
298 657 374 741 ιι),
474 652 670 739 Atqui
716 650 895 714 idem
952 648 1057 713 vir
1109 660 1369 726 sanctus
1443 646 1664 736 paullo
1779 649 1847 711 in
1893 669 2119 716 museo
2171 654 2528 740 Caesareo,
2610 661 2719 711 aut
2760 647 3031 713 infixum
3075 673 3271 717 areae

199 780 370 844 supra
426 758 621 822 etiam
685 775 769 818 eo
831 753 1022 840 bruta
1076 750 1387 833 distingui
1431 749 1510 810 ab
1556 749 1671 810 ho-

175 847 452 924 minihus
509 856 787 931 adserit,
855 854 1032 938 quod
1094 854 1165 916 hi
1220 854 1285 914 in
1343 853 1524 916 vultu
1565 872 1675 913 na-

199 984 321 1030 sum
360 963 395 1027 'a
432 961 652 1026 fronte
696 959 1180 1043 prominentem
1231 952 1515 1027 habent,
1561 952 1672 1034 qui

198 1062 576 1134 manifestam
615 1060 902 1125 ostendit
951 1061 1164 1123 crucis
1213 1055 1523 1131 formam,
1569 1052 1674 1115 cui

201 1180 532 1253 propterea
611 1164 895 1246 applicat
958 1147 1129 1221 illud
1217 1141 1535 1219 Ieremias
1605 1155 1674 1215 in

199 1268 499 1342 Thi-enisa
559 1270 851 1344 Spin-ilus
911 1274 1061 1325 ante
1097 1265 1342 1342 faciem
1393 1268 1677 1321 'metram

207 1374 459 1433 caristus
503 1369 825 1437 dominus.
910 1364 1191 1425 Narrant
1240 1361 1544 1423 Socrates
1587 1355 1677 1438 b),

205 1484 259 1533 et
284 1471 697 1533 Sozomenus
734 1466 794 1546 c)
820 1509 838 1540 ‚
875 1465 1051 1527 'cum
1091 1460 1523 1527 Alexandriae
1562 1460 1677 1520 im-

208 1583 447 1655 perante
509 1564 900 1628 Theodosio
966 1568 1056 1626 M.
1123 1563 1455 1648 Serapidis
1517 1574 1679 1623 tem·

208 1672 359 1757 plum
401 1671 900 1746 destrueretur,
945 1668 1246 1730 inventos
1290 1666 1356 1725 in
1403 1685 1484 1727 eo
1532 1683 1677 1726 esse

207 1775 425 1856 lapides
499 1771 716 1854 literis
792 1768 1324 1858 hieroglyphicis
1401 1780 1680 1844 notatos,

1784 752 1965 813 numi
2005 754 2187 834 aurei
2238 774 2386 816 cum
2435 753 2794 836 epigraphe
2829 753 3276 821 VICTORIA.

1783 854 2405 917 'CONSTANTINL
2449 855 2693 930 AVG.,
2758 877 2950 939 quem
3007 858 3288 941 protulit

1787 956 2158 1024 Bandurius
2236 971 2302 1019 et
2361 977 2481 1019 nos
2538 958 2707 1018 infra
2767 958 2915 1020 loco
2973 980 3114 1024 suo.
3195 963 3286 1030 Vt

1791 1057 1955 1120 adeo
2002 1079 2086 1119 ex
2145 1060 2356 1119 nuruis
2407 1041 2707 1141 pertinax
2769 1059 2905 1142 ejus
2951 1061 3013 1121 in
3061 1075 3287 1124 vetera

1793 1182 1976 1223 sacra
2009 1159 2226 1222 odium
2252 1204 2269 1235 ,
2316 1174 2381 1221 et
2407 1161 2747 1222 adversum
2787 1161 3147 1224 Christiana
3180 1161 3291 1226 ad·

1793 1264 2004 1325 fectus
2044 1261 2306 1344 probari
2332 1283 2462 1324 non
2494 1262 2717 1344 possit.
2803 1264 3083 1328 Numum
3121 1265 3293 1328 Con..

1795 1364 2057 1428 stamini
2089 1384 2235 1425 cum
2276 1363 2704 1445 inscriptione
2756 1365 2822 1424 in
2860 1386 3126 1432 aversa:
3172 1367 3290 1431 IN.

1729 1527 1734 1530 ,
1793 1468 2001 1530 HOC.
2046 1467 2205 1528 SIN.
2242 1466 2442 1543 Vlc.,
2491 1486 2683 1547 quem
2720 1467 2910 1529 altius
2954 1467 3288 1552 proposui,

1795 1572 2035 1653 quique
2089 1587 2578 1647 monogramma
2620 1567 2864 1629 Christi
2920 1570 3154 1646 offert,
3200 1569 3291 1634 vi·

1796 1670 1941 1733 deri
1976 1669 2307 1753 spurium,
2354 1667 2598 1729 ibidem
2636 1669 2790 1731 dixi.

1921 1773 2083 1833 Cum
2134 1770 2238 1830 hic
2280 1753 2861 1850 monogrammatis
2889 1770 3131 1833 Christi
3165 1771 3294 1853 pri·

210 1898 344 1961 qnae
400 1874 621 1938 crucis
676 1867 982 1934 formam·
1015 1861 1415 1933 referebant.
1505 1867 1671 1961 Quis
1787 1895 1965 1958 mum
2012 1871 2249 1951 injecta
2302 1870 2384 1931 sit
2433 1873 2718 1948 mentio,
2764 1871 2939 1954 quod
2977 1871 3291 1955 deinceps
3358 1869 3365 1876 ’

211 1977 551 2061 negaverit,
624 1973 873 2058 similas
916 1974 1141 2034 literas
1202 1973 1405 2034 fuisse
1453 1971 1669 2053 mysti·
1784 1974 2202 2057 frequentem
2239 1971 2305 2033 in
2342 1988 2602 2034 moneta
2638 1987 2861 2054 typum
2896 1972 3122 2048 saciet,
3169 1974 3282 2035 ali-

207 2100 326 2144 cam
364 2074 843 2162 Aegyptiorum
916 2080 1093 2152 Tau,
1173 2074 1347 2158 quod
1404 2093 1667 2136 crucem
1783 2076 1959 2160 liqna
2012 2075 2093 2136 de
2151 2096 2233 2137 eo
2288 2076 2508 2159 paucis
2553 2072 2989 2136 memoranda.
3068 2074 3293 2157 Fingi-

212 2180 614 2254 adsimilabat,
658 2176 725 2236 in
777 2176 1013 2238 horum
1058 2176 1495 2268 monumentis
1533 2196 1670 2258 pas·
1786 2191 1893 2241 tur
1958 2175 2122 2240 illud
2196 2177 2278 2239 in'
2328 2179 2539 2240 nuruis
2600 2177 2727 2239 hoc
2796 2176 2992 2240 modo
3051 2160 3151 2272 R
3189 2188 3299 2241 aut

211 2286 309 2346 sim
340 2280 653 2348 obvium?
741 2281 850 2343 At.
890 2277 1171 2341 malebat
1226 2280 1446 2361 inepta
1489 2275 1670 2338 Chri·
1787 2260 1912 2377 ἒ.
1969 2282 2462 2362 Monogramma
2498 2278 2736 2361 prioris
2771 2276 2948 2338 modi
2981 2278 3298 2361 conspici·

213 2387 533 2450 stiauorum
586 2380 942 2447 credulitas
1004 2400 1112 2443 eas
1158 2379 1470 2461 religioni
1520 2397 1673 2442 suae
1788 2394 1896 2442 tur
1927 2381 2122 2443 etiam
2155 2383 2222 2441 in
2262 2381 2755 2445 tetradrachmis
2799 2378 3071 2456 Atticis,
3127 2391 3196 2442 et
3226 2379 3298 2441 in

216 2487 549 2562 vindicare,
623 2484 835 2566 iisque
879 2495 1219 2546 venturam
1266 2482 1461 2546 vitam
1525 2501 1682 2572 por«
1803 2483 2017 2543 nuruis
2072 2483 2609 2546 Ptolemaeorum
2668 2482 2882 2564 gravis
2943 2481 3145 2557 aeris,
3222 2494 3299 2564 ut

226 2588 395 2651 tendi.
477 2585 687 2679 Quod
720 2586 775 2647 si
821 2585 993 2647 forte
1035 2584 1296 2645 fortuna
1345 2583 1533 2644 bonis
1589 2581 1690 2643 his

219 2688 352 2752 viris
390 2690 612 2752 oblata
667 2687 940 2748 fuissent
1008 2684 1487 2748 tetradracluna
1533 2684 1693 2746 Atti-

219 2808 305 2869 ca,
353 2805 454 2855 ant
515 2788 750 2877 gravia
809 2790 922 2850 illa
982 2771 1692 2851 Ptolemaeorum-nu-

222 2898 477 2958 mismata
533 2898 780 2967 aenea,
826 2884 1103 2973 quorum
1147 2910 1278 2951 non
1323 2890 1547 2972 paucis
1594 2890 1689 2949 in-

223 3000 511 3081 sculptum
584 3008 685 3057 est
727 3013 1217 3075 monogramma
1267 2993 1383 3054 XP
1425 2990 1505 3053 ad
1541 3011 1692 3053 eum

221 3099 385 3179 plane
438 3097 757 3174 modum,
832 3115 960 3179 quo
1022 3094 1239 3169 numi,
1313 3092 1395 3155 de
1462 3092 1692 3177 quibus

225 3201 499 3266 continuo
532 3221 732 3282 agam
757 3243 775 3274 ,
818 3195 1023 3261 notati
1067 3208 1251 3272 sunt,
1308 3216 1498 3279 quam
1533 3215 1703 3258 ama-

223 3299 295 3363 bo
323 3304 445 3367 illis
504 3301 946 3365 dentivissent
978 3296 1208 3359 dentes
1231 3340 1247 3371 ,
1310 3310 1380 3359 ut
1416 3297 1699 3363 divinam
1733 3282 1742 3295 „

229 3400 368 3468 hanc
396 3419 622 3470 notam
662 3403 877 3486 palato
937 3421 1057 3462 suo
1103 3398 1703 3476 adcommodat-ent,

225 3501 747 3590 dejerarentque,
769 3502 1074 3565 -salutare
1108 3501 1235 3564 hoc
1270 3502 1524 3586 signum
1547 3546 1563 3579 ,
1610 3514 1704 3564 et·

229 3604 275 3663 si
304 3607 464 3670 aliud
510 3608 774 3676 vellent
807 3603 1193 3680 monetarii,
1237 3602 1439 3666 fuisse
1474 3617 1701 3668 ventu-

225 3723 319 3768 rae
370 3704 666 3775 veritatis
731 3704 1560 3797 praesagiuquuoddam‚
1632 3717 1719 3766 et*

228 3810 787 3888 praesensionem?
845 3808 947 3874 Ad
980 3828 1234 3873 causam
1277 3822 1349 3870 ut
1381 3820 1698 3885 revertar,

231 3911 379 3991 quod
419 3936 625 3977 unum
685 3913 753 3974 in
794 3910 1200 3985 Constantini
1249 3908 1467 3972 -numis
1517 3908 1704 3973 Chri-

232 4013 391 4075 stiani
424 4016 644 4078 cultus
676 4015 989 4078 indicium
1020 4013 1395 4096 reperitur,
1441 4023 1543 4075 est
1569 4031 1708 4074 mo·-

230 4133 588 4198 nogrsmma
637 4117 881 4179 Christi
934 4116 1158 4180 labaro
1215 4115 1283 4175 in
1336 4114 1555 4177 aeneis
1591 4115 1704 4179 111.

228 4211 488 4296 formae,
551 4219 889 4299 inscriptis
934 4216 1292 4282 GLofflA.
1351 4216 1737 4295 Elatum--

235 4316 418 4398 TVS,
476 4341 762 4405 quornm
808 4320 1055 4405 aliquot
1113 4304 1515 4402 exemplaria
1557 4329 1707 4381 sunt

279 4659 345 4725 ι)
375 4654 632 4733 Apolog.
672 4654 715 4710 1.
755 4638 818 4726 s.
843 4665 933 4719 55-

223 4737 277 4799 L.
312 4742 354 4802 Ι.
391 4766 439 4804 c.
479 4757 551 4810 δι
595 4756 653 4803 et
689 4743 752 4798 L.
791 4742 896 4802 lv.
937 4762 996 4805 c.
1027 4754 1114 4806 21.

407 4838 591 4919 (rot.
629 4834 842 4915 rm.)

1082 4652 1153 4726 b)
1192 4651 1261 4712 Η.
1301 4651 1366 4710 Ε.
1407 4650 1474 4709 L.
1512 4650 1587 4715 V.
1630 4670 1681 4710 c.
1723 4663 1810 4717 17.

1804 2585 2113 2647 continuo
2162 2584 2479 2660 diximus,
2547 2583 2665 2645 sed
2701 2582 2950 2643 incerta
2982 2581 3302 2664 significa·

1805 2685 2012 2750 tione.
2097 2688 2168 2746 In
2217 2685 2429 2746 numis
2466 2684 2655 2766 hujus
2701 2684 2846 2745 aevi
2893 2697 3042 2744 sunt
3078 2698 3296 2750 certae

1805 2785 2040 2850 literae
2074 2784 2407 2871 ἀρχαιυσαι
2448 2785 2728 2847 nominis
2749 2784 2988 2857 Graeci
3020 2784 3307 2868 ΧΡις-ος,

1807 2890 2130 2972 hujusque
2164 2881 2762 2971 monogrammatis,
2810 2900 2876 2950 et
2904 2888 3094 2973 quale
3127 2911 3304 2954 com-

1807 3003 1995 3073 paret
2049 2991 2116 3051 in
2161 2991 2415 3067 numis‚
2473 3010 2774 3054 veracem
2827 2990 3147 3075 picturam
3192 2993 3307 3058 de-

1809 3093 1969 3157 dere
2017 3078 2344 3156 Eusebius
2376 3091 2472 3175 d),
2530 3105 2598 3155 et
2645 3092 3017 3157 Lactantius
3063 3097 3143 3177 ⁰).
3229 3098 3308 3157 In

1808 3195 2020 3257 numis
2070 3195 2198 3279 jam
2255 3208 2478 3277 typum
2523 3194 2890 3277 principem
2941 3195 3130 3273 facit,
3174 3195 3305 3279 jam

1811 3298 2124 3360 inseritur
2163 3296 2385 3359 labaro
2420 3296 2833 3373 autvexillo‚
2880 3298 3006 3379 jam
3050 3299 3117 3361 in
3153 3319 3309 3363 area
3371 3358 3375 3363 .

1813 3400 1995 3462 numi
2055 3398 2347 3461 solitarie
2410 3396 2724 3477 excubat,
2801 3401 2929 3482 jam
2990 3400 3163 3478 aliis,
3235 3414 3310 3466 ut

1812 3500 2095 3588 patebit,
2171 3513 2508 3583 comparet
2582 3502 2816 3566 modis.
2903 3502 3136 3564 Paullo
3217 3501 3312 3563 al·

1813 3605 1938 3665 tius
1982 3602 2298 3676 diximus,
2343 3600 2409 3660 in
2460 3602 2792 3664 nonnullis
2827 3603 2954 3685 jam
2999 3606 3310 3668 Constan-

1812 3704 1933 3766 tini
1987 3705 2201 3767 numis
2256 3702 2422 3765 illud
2496 3704 2758 3767 vexillis
2815 3707 3087 3774 infixum
3157 3725 3312 3769 con-

1814 3808 2016 3893 spici,
2062 3805 2239 3892 quod
2279 3806 2467 3903 ³⁶⁶¹&
2508 3805 2651 3887 ejus
2683 3806 2865 3889 jussu
2918 3809 3160 3874 factum
3198 3806 3314 3874 do-

1817 3929 2019 3975 cuere
2053 3910 2507 3984 Sozomenus,
2566 3910 2829 3994 aliique.
2928 3912 3313 3978 Permotum

1819 4011 1901 4076 ad
1958 4010 2132 4075 istud
2198 4013 2378 4095 pium
2431 4012 2799 4098 principem
2854 4015 3060 4080 iidem
3114 4017 3313 4101 ajunt,

1819 4135 1903 4179 ex
1949 4133 2078 4197 quo
2121 4112 2373 4177 bellum
2430 4113 2498 4175 in
2549 4117 2952 4181 Maxentium
2995 4119 3314 4185 meditans

1817 4216 2169 4302 pendulam
2231 4216 2300 4277 in
2358 4235 2511 4280 aere
2562 4232 2714 4299 post
2769 4222 3113 4286 meridiem
3167 4242 3313 4287 cru-

1819 4340 1965 4386 cem
2006 4339 2155 4383 cum
2190 4329 2329 4383 toto
2369 4318 2668 4385 exercitu
2711 4324 3087 4407 conspexit,
3132 4325 3311 4408 quod

1939 4655 2000 4727 c)
2042 4652 2117 4715 H.
2157 4653 2225 4716 E.
2261 4653 2329 4714 L.
2371 4654 2504 4722 vn.
2546 4674 2596 4716 c.
2640 4664 2725 4720 15.
2838 4652 2911 4730 d)
2948 4654 3085 4718 Vita
3112 4657 3316 4716 Const‘

1266 4746 1327 4820 e)
1367 4740 1443 4802 de
1481 4740 1719 4805 mortib.
1757 4760 1983 4819 pei-sec.
2023 4763 2073 4807 c.
2109 4750 2202 4806 44.

2848 4842 2921 4900 M
