4388 5576
1150 463 1315 542 ‚sos
2074 533 2079 538 ὓ
2199 422 2208 429 ·
2382 430 2778 508 GAPVT
2849 429 3050 504 xv1.
3631 469 3662 510 s

1244 597 1247 598 ⁷
1295 620 1537 687 Eidem
1563 614 1762 681 dubio
1792 613 2067 698 subjicio
2098 611 2290 677 etiam
2321 619 2506 676 notas
2531 615 2662 676 HK
2779 610 3102 695 gumentis
3139 609 3448 674 refutavit
3488 609 3779 674 Iobertus
3804 611 3897 696 d),
3934 635 4068 701 quse
4092 642 4163 686 rs·

1168 724 1237 786 in
1269 722 1485 786 numis
1518 716 1813 782 Heraclii
1845 719 1928 793 1.,
1976 711 2117 777 ΦΚ
2146 717 2215 778 in
2249 715 2462 778 numis
2492 714 2663 776 Pho·
2776 715 3047 775 stituere
3106 730 3347 795 operae
3409 712 3687 793 pretium
3742 734 3863 776 non
3911 719 4163 799 existimo,

1164 843 1327 899 cae,
1375 822 1485 885 CN
1530 820 1597 880 in
1641 816 1854 880 numis
1896 816 2241 894 Iustini1.,
2299 815 2381 879 de
2427 816 2658 898 quibus
2770 835 2923 879 cum
2985 816 3093 876 vix
3153 833 3302 876 esse
3362 823 3623 897 putem,
3689 814 3795 898 qui
3858 823 4157 884 sementim

1167 925 1283 1009 agi
1323 924 1392 983 in
1434 932 1698 984 moneta
1740 917 2070 995 Heraclii,
2116 932 2186 981 et
2229 917 2563 980 Iustiniani
2609 920 2658 977 1.
2776 917 2939 978 hanc
2984 913 3350 1000 adprobare
3397 912 3657 988 volent,
3715 930 3779 978 et
3833 919 4046 1003 cupidis
4086 945 4160 1005 p..

1724 1064 1767 1105 ⁴
1891 1020 1931 1059 ἰ
2048 1063 2091 1104 g
2770 1031 2896 1081 teat
2932 1017 3012 1080 ad
3037 1014 3361 1078 laudatum
3407 1028 3738 1077 auctorem
3782 1017 3983 1083 aditus.
4017 1026 4161 1107 Ipsius

1156 1195 1162 1204 ,
1290 1121 1669 1188 Succedunt
1702 1121 1883 1183 numi
1915 1120 2109 1183 aenei
2144 1120 2357 1182 omnis
2400 1089 2668 1183 formae⁸
2767 1119 3013 1184 Ioherti
3075 1118 3158 1180 de
3220 1117 3322 1178 his
3386 1117 3608 1201 opinio
3664 1118 3788 1180 fuit
3814 1123 3894 1202 ⁸):
3961 1125 4045 1187 his
4085 1148 4161 1190 no-

1164 1219 1321 1292 inde
1365 1225 1446 1287 ab
1490 1211 1867 1298 Anastasio,
1916 1235 1992 1285 et
2033 1242 2156 1306 per
2199 1222 2495 1307 proxima
2538 1222 2654 1281 im·
2729 1223 2850 1298 =tis
2887 1220 3164 1304 indicari
3207 1217 3490 1305 pretium
3536 1222 3746 1298 numi,
3805 1222 3892 1284 sic
3930 1239 3989 1286 ut
4019 1240 4152 1290 notas
4195 1265 4198 1272 ·

1162 1325 1347 1411 peria
1393 1325 1660 1409 signati:
2767 1326 2795 1385 1
2838 1324 2945 1388 vel
2991 1323 3052 1384 X
3096 1319 3467 1404 significent
3529 1319 3759 1384 decem
3815 1324 4039 1402 obolos,
4085 1328 4153 1389 vel

1288 1428 1554 1490 Lites-ae
1602 1424 1686 1504 G,
1750 1428 1815 1504 1,
1874 1428 1972 1500 K,
2032 1427 2103 1486 M
2147 1425 2395 1508 majore
2440 1423 2651 1486 forma
2764 1443 3218 1507 quamcunque
3275 1421 3469 1486 aliam
3527 1423 3884 1488 minutioris
3921 1427 4153 1509 pecunias

1161 1528 1228 1610 in
1300 1528 1519 1590 medio
1584 1528 1766 1592 numi
1836 1546 2221 1610 expressae,
2294 1545 2426 1588 non
2494 1544 2648 1589 raro
2765 1525 2888 1587 sub
2943 1544 3014 1586 se
3074 1537 3420 1587 contentae
3481 1526 3803 1607 speciem,
3853 1539 3917 1589 et
3963 1529 4038 1588 sic
4076 1547 4155 1608 pet

1152 1605 1352 1693 etiam
1397 1631 1479 1697 V.
2760 1645 3097 1688 numeros·
3133 1626 3298 1688 alios
3359 1626 3867 1708 progrediendo.
3941 1628 4057 1689 Non
4087 1646 4153 1689 re·

1280 1731 1534 1793 Harum
1579 1730 1730 1793 loco
1775 1729 1927 1791 inde
1972 1751 2008 1791 a
2051 1728 2297 1790 Iustino
2344 1731 2423 1796 11.
2762 1747 3122 1812 pugnarem
3170 1726 3320 1787 huis
3366 1729 3764 1805 sententiae,
3822 1729 4023 1812 partim
4057 1728 4154 1809 quis

1170 1907 1179 1912 -
1284 1832 1558 1893 Numeri
1606 1832 1697 1906 X,
1742 1832 1900 1906 XX,
1946 1833 2166 1905 XXX,
2211 1832 2477 1893 XXXX.
2762 1830 2888 1910 jam
2948 1841 3208 1891 moneta
3253 1830 3543 1891 Romana
3603 1833 3824 1893 stantis
3865 1830 4006 1913 reip.
4038 1828 4154 1890 sini·

1280 1933 1535 1995 Horum
1608 1932 1958 2019 explicatio
2022 1933 2354 2014 signorum
2417 1932 2645 2008 varias,
2763 1930 2861 1993 les
2922 1929 3144 1992 habuit
3206 1950 3324 1991 seu
3386 1942 3681 2013 spectato
3742 1931 4034 2014 pondere,
4080 1949 4155 1992 ssu

1157 2046 1226 2101 et
1264 2053 1398 2096 non
1443 2053 1595 2096 raro
1639 2035 1909 2096 frivolas
1968 2033 2313 2116 opiniones
2372 2033 2647 2115 parturi·
2761 2033 2985 2097 valore
3057 2030 3447 2107 divisiones,
3509 2033 3747 2113 partim
3809 2033 3946 2116 quia
3991 2049 4153 2093 revers

1153 2127 1266 2210 rit.
1354 2134 1653 2225 conjecit
1689 2117 2032 2218 aliquando
2068 2134 2402 2208 lobertus,
2449 2137 2520 2195 M
2552 2136 2648 2197 in·
2764 2133 3092 2207 videmus,
3145 2153 3378 2193 numos
3438 2153 3685 2199 aeneos
3746 2132 4025 2197 maximae
4068 2129 4155 2191 for·

1147 2236 1375 2298 dicare
1420 2241 1672 2312 Maria,
1718 2238 2006 2312 Ilesus,
2060 2238 2129 2297 K
2174 2241 2642 2313 Constantinus,
2759 2255 2903 2295 mae
2967 2252 3230 2315 semper
3285 2233 3627 2316 praeferre
3695 2239 3799 2310 M,
3857 2236 3950 2297 vel
4001 2234 4049 2296 ei
4090 2251 4155 2294 re·

1153 2327 1277 2398 sed¹
1315 2335 1395 2397 ab
1441 2337 1563 2398 hac
1609 2357 1681 2398 se
1739 2337 2114 2417 conjectura
2158 2339 2369 2398 serius
2413 2357 2645 2420 purga·
2760 2334 3089 2416 spondens
3157 2333 3434 2410 XXXX,
3508 2354 3751 2398 aeneos
3818 2335 3919 2398 111.
3977 2335 4154 2398 formas

1156 2435 1249 2498 vit
1278 2435 1357 2516 ⁸).
1448 2436 1673 2497 Sanxit
1719 2438 1877 2498 olim
1920 2438 2392 2519 Peyssonelus,
2436 2452 2508 2498 ut
2553 2451 2644 2500 te·
2759 2457 3024 2519 semper
3067 2440 3132 2513 1,
3191 2437 3382 2519 eique
3428 2436 3838 2520 respondens
3875 2439 3956 2514 X,
3993 2453 4155 2500 verum

1149 2548 1357 2606 statur
1386 2537 1694 2601 ¹eruditus
1740 2538 1917 2620 Guys
1950 2535 2048 2619 b),
2112 2539 2369 2602 literam
2414 2542 2484 2600 M
2529 2540 2643 2602 hu·
2758 2538 2921 2600 illud
2971 2537 3260 2613 vellicat,
3292 2540 3466 2621 quod
3511 2542 3582 2600 M
3625 2554 3697 2602 et
3738 2539 3966 2602 XXXX
4002 2538 4153 2618 tegm-

1138 2638 1251 2730 jus
1307 2641 1454 2704 aevi
1500 2641 1724 2701 numis
1785 2655 1913 2702 tam
1971 2639 2357 2723 {requenter
2415 2641 2643 2704 inscri-
2756 2653 2865 2702 tur
2908 2637 3185 2725 perinde
3234 2642 3426 2701 etiam
3476 2642 3545 2701 in
3585 2641 3800 2704 numis
3837 2643 3866 2702 1
3895 2635 4156 2703 etILfor·

1146 2753 1328 2825 ptam
1372 2761 1519 2805 esse
1564 2741 1818 2802 initium
1861 2741 2139 2803 nominis
2185 2747 2437 2818 Μανία,
2494 2742 2642 2826 quia
2755 2762 2940 2819 mae,
2987 2756 3055 2804 et
3092 2745 3116 2804 1
3151 2754 3218 2804 et
3252 2742 3312 2803 X
3346 2742 3413 2803 in
3453 2745 3669 2806 numia
3707 2763 3949 2829 quoque
3980 2741 4044 2801 11.
4070 2734 4157 2798 for-

1145 2842 1425 2904 testibus
1485 2841 1812 2903 historicis
1861 2842 2142 2903 Graecis
2187 2844 2640 2906 Constantinus
2754 2863 2933 2919 mae,
2991 2857 3063 2904 et
3110 2844 3372 2926 quidem
3413 2845 3480 2905 in
3523 2846 3744 2907 numis
3783 2846 3896 2907 sub
3944 2862 4049 2905 uno
4088 2856 4159 2899 eo-

1146 2944 1240 3003 Π.
1285 2934 1706 3024 Byzantium,
1765 2942 1947 3022 cujus
2008 2944 2064 3003 is
2124 2942 2292 3004 alter
2336 2943 2639 3007 conditor
2755 2944 3037 3029 demque
3100 2947 3381 3030 imperio
3445 2943 3740 3029 signatis.
3828 2942 4078 3010 offendit
4116 2948 4157 2996 et

1148 3043 1311 3119 fuit,
1373 3042 1679 3126 deiparae
1743 3042 2085 3108 dedicavit.
2173 3045 2441 3109 Similes
2502 3048 2639 3133 opi·
2753 3047 2956 3124 illud,
3003 3048 3179 3131 quod
3223 3048 3500 3111 admissa
3545 3049 3668 3111 hac
3717 3045 4024 3109 divisionis
4055 3041 4155 3118 lege
4222 3082 4225 3091 .

1143 3143 1378 3209 aiones
1422 3164 1972 3208 commemorasse
2017 3144 2338 3209 refutasse
2384 3160 2502 3210 est.
2752 3150 2991 3213 mirum
3052 3150 3385 3226 videatur,
3458 3171 3577 3212 cur
3642 3168 3990 3232 nunquam,
4041 3135 4158 3225 quod

1269 3246 1483 3310 Aliam
1564 3247 1946 3313 sententiam
2007 3248 2353 3331 parturivit
2412 3249 2636 3312 fecun-
2749 3252 3001 3330 norim,
3044 3266 3344 3314 occurrat
3378 3251 3568 3313 litera
3597 3247 3711 3328 A,
3753 3270 3900 3315 cum
3929 3240 4160 3310 tamenin

1144 3348 1301 3413 dum
1360 3348 1687 3410 *Harduini
1751 3350 2122 3432 ingenium,
2193 3371 2384 3435 qnam
2453 3352 2674 3416 lubet:¹
2738 3354 2963 3416 «numis
3008 3352 3345 3417 divisionis
3390 3352 3663 3414 Latinae
3713 3350 4062 3435 frequenter
4091 3357 4159 3402 oc·

1141 3449 1363 3516 verbis
1412 3450 1666 3515 leberti
1725 3471 2056 3534 exponere
2090 3456 2168 3532 ⁰),
2260 3453 2496 3515 Statuit
2554 3455 2631 3531 is,
2749 3469 2970 3521 currat
3029 3452 3435 3537 respondens
3490 3453 3590 3513 illi
3649 3452 3858 3516 XXX.
3935 3446 4158 3510 Priorem

1139 3569 1453 3619 numeros
1517 3552 1638 3619 tio·
1681 3554 1970 3617 indicare
2016 3556 2190 3617 varia
2236 3554 2474 3618 tributa
2517 3556 2634 3618 im·
2714 3556 3010 3640 ··quidem
3076 3554 3527 3621 difficultatem
3582 3576 3618 3617 a
3676 3552 4014 3617 fluctuante
4055 3561 4159 3631 po*

1139 3651 1554 3736 peratoribus
1602 3654 1799 3736 pendi
1845 3656 2035 3718 solita
2080 3656 2357 3734 decimi,
2403 3659 2634 3723 vicesi-
2749 3658 2909 3721 dere
2972 3671 3223 3741 captam
3275 3656 3574 3719 lobertus
3632 3654 3829 3732 alibi,
3886 3652 3987 3715 ubi
4035 3645 4155 3707 iden

1140 3755 1263 3828 mi,
1310 3754 1637 3821 tricesimi
1697 3772 1823 3819 etc.
1886 3757 2166 3837 denarii,
2232 3772 2304 3821 ut
2358 3759 2634 3843 loquun-
2747 3773 3201 3844 argumentum
3257 3757 3448 3819 latius
3507 3759 3928 3844 persequitur
3954 3750 4042 3834 s),
4077 3743 4162 3809 Εἶθ’

1124 3866 1253 3917 ·tur
1293 3853 1493 3918 Galli.
1577 3856 1799 3944 Quare
1856 3871 2044 3920 notae
2075 3859 2382 3923 Graecae
2440 3865 2500 3936 1,
2542 3865 2630 3939 K,
2746 3875 2855 3928 vat
2912 3860 3232 3937 dicendo,
3296 3860 3532 3935 fuisse,
3594 3872 3695 3949 ut·
3727 3859 3888 3922 olim
3938 3861 4161 3933 tempore

1138 3955 1215 4013 Μ
1270 3965 1495 4016 notum
1557 3951 1890 4021 denarium
1964 3958 2328 4037 decimum,
2406 3963 2633 4028 vicesi-
2741 3969 2998 4030 Romae
3075 3959 3359 4039 liberae,
3424 3961 3521 4024 sie
3600 3962 3801 4023 etiam
3875 3958 3995 4019 hoc
4054 3961 4164 4012 ⁸2¹⁰

1138 4048 1355 4130 mum,
1428 4052 2026 4137 quadragesimum,
2084 4075 2153 4124 et
2212 4077 2405 4126 notae
2459 4066 2632 4129 Lati·
2747 4087 3001 4143 causas,
3063 4085 3182 4130 cur
3241 4063 3675 4145 imperatores
3721 4075 3988 4123 necesse
4024 4051 4162 4114 ‹luxe-

1142 4174 1263 4219 nae
1326 4154 1423 4231 X,
1504 4155 1664 4230 XX,
1744 4159 1962 4236 XXX,
2044 4163 2288 4226 XXXX
2330 4165 2629 4248 ejusdem
2737 4168 2911 4245 rint,
2967 4165 3206 4230 minori
3251 4178 3550 4227 monetae
3593 4160 3882 4246 ponderi
3919 4155 4164 4239 majorem

1138 4257 1399 4320 numeri
1457 4257 1812 4323 denarium.
1900 4262 1991 4324 At
2041 4266 2214 4329 enim
2277 4267 2439 4331 haec
2492 4268 2629 4353 ipsa
2743 4270 3088 4352 adsignare
3165 4269 3479 4331 valorem.
3568 4262 3706 4327 Sed
3786 4278 4043 4331 vereor,
4106 4266 4162 4310 ¹⁰

1137 4359 1459 4423 Harduini
1496 4362 1733 4460 dictata
1769 4365 2087 4449 copiosis,
2132 4369 2495 4453 solidisque
2529 4392 2627 4433 ar·
2732 4370 2907 4434 disee
2941 4369 3192 4447 omnia,
3235 4367 3364 4431 etsi
3404 4387 3563 4451 prae
3593 4359 4038 4429 Harduinianis
4072 4348 4163 4415 illit

1137 4497 4155 4533 -—-——---—..-....-.—...-.....—-.—-—-----—---

1209 4591 1273 4656 a)
1312 4588 1405 4645 Sc.
1444 4588 1549 4647 des
1585 4591 1741 4649 med.
1778 4586 1944 4654 Tom.
1984 4588 2029 4654 1.
2068 4608 2286 4673 p.·139.
2335 4556 2352 4571 r
2395 4601 2465 4672 b)
2504 4599 2747 4678 voyage
2784 4597 2899 4661 litt.
2936 4598 3018 4659 de.
3049 4598 3111 4658 la
3147 4594 3341 4658 Grece
3378 4599 3545 4657 Tom.
3583 4596 3657 4663 Π.
3695 4615 3764 4675 p·
3798 4603 3884 4660 15·
3987 4592 4042 4663 ⁰)
4071 4583 4101 4644 ι’
4128 4597 4161 4636 ⁶·

1134 4674 1206 4748 d)
1243 4676 1412 4736 Tom-
1447 4677 1495 4740 Ι.
1534 4700 1598 4759 p.
1640 4691 1768 4746 ιω.
1880 4687 1972 4772 ·e)
2007 4686 2176 4763 Tem.
2201 4687 2258 4748 1.
2295 4708 2432 4768 pag.
2473 4699 2595 4755 ιω.
2741 4690 2796 4765 f)
2832 4688 2999 4751 Tem.
3036 4691 3114 4753 11.
3152 4708 3293 4768 pag.
3328 4689 3420 4754 46.
3537 4768 3550 4776 ς
