4388 5576
1128 414 1275 489 DE
1362 412 1983 487 coNsva.
2079 362 2688 486 CAESARIB.

366 596 583 672 vitiat
594 611 938 675 exornant,
958 596 1358 681 conspicitur
1372 596 1465 678 *)“.
1498 599 1602 659 De
1623 597 1859 681 scipio*

362 722 451 775 ne
485 703 834 788 aquilifero
863 696 1241 764 consulibus
1276 698 1476 760 tribui
1503 701 1695 762 solito
1726 699 1854 781 jam

340 803 681 868 ·nonnulla
732 818 1030 867 veterum
1077 800 1446 864 testimonia
1495 799 1735 864 adduxi
1776 800 1858 864 ad

367 907 692 971 laudatum
729 905 1005 989 Augusti
1040 924 1306 967 numum
1328 947 1345 980 ,
1389 922 1587 987 quem
1635 903 1719 968 ed
1751 924 1860 967 an·

365 1028 518 1072 num
550 1010 632 1076 V.
662 1008 734 1069 C.
760 1011 883 1089 752
918 1006 1255 1090 descripsi.

472 1112 801 1193 ‚Denique
841 1107 1051 1170 adhuc
1089 1094 1431 1189 processus
1475 1104 1855 1182 consularis,

362 1212 593 1297 qualis?
628 1212 713 1273 in‘
752 1212 967 1275 numia
1015 1210 1441 1294 proponitur,
1496 1207 1858 1293 expedien-

362 1314 504 1378 dus.
594 1314 972 1377 Procedere
1054 1312 1435 1376 dicebantur
1526 1310 1853 1384 consules,

363 1417 658 1502 quaudo,
721 1434 889 1478 anno
936 1416 1238 1498 proxime
1277 1414 1508 1497 elapso
1561 1410 1643 1473 ad
1703 1430 1856 1473 con-

364 1518 642 1582 sulatum
719 1516 1073 1601 designati,
1142 1515 1468 1580 ‘Kalendis
1541 1514 1854 1576 Ianuariis

365 1633 675 1684 consueta
724 1641 964 1704 pompa
1026 1620 1104 1681 et'
1154 1617 1463 1682 comitatu
1525 1616 1856 1707 magistra-

360 1735 499 1783 tum
558 1710 852 1796 inivere,
924 1736 1117 1804 utque
1172 1720 1462 1803 solennis
1520 1721 1628 1782 hic
1672 1732 1851 1782 actus

351 1823 690 1904 processus
717 1827 1082 1887 consularis
1125 1823 1325 1905 vulgo
1360 1816 1701 1885 consuevit
1742 1842 1851 1905 ap-

359 1924 599 2007 pellari
650 1920 1037 1988 docentibus
1098 1925 1161 1986 id
1211 1927 1420 2009 ipsum
1470 1925 1682 1986 numis
1723 1945 1850 2006 per

360 2027 765 2110 epigraphen
808 2022 1094 2088 FELIX.
1133 2023 1609 2104 PROCESSm
1640 2026 1847 2118 QON-

351 2127 552 2196 SVL.
600 2129 798 2199 AVG.
844 2133 958 2205 N„
1007 2148 1168 2213 quos
1202 2127 1423 2211 paullo
1448 2141 1596 2213 post
1624 2127 1850 2214 profe·

358 2249 608 2296 remus.
695 2230 829 2293 Sed
867 2246 935 2294 et
975 2244 1124 2295 sunt
1160 2231 1501 2313 exempla,
1546 2244 1845 2297 auctores

360 2346 622 2397 veteres
660 2333 804 2394 solo
842 2331 1159 2396 vocabulo
1189 2355 1561 2413 processus,
1609 2331 1847 2397 omissa

356 2436 549 2497 etiam
587 2435 871 2497 consulis
894 2435 1247 2508 mentione,
1284 2453 1663 2515 processum
1692 2456 1848 2499 con-

314 2532 332 2547 ’
357 2538 641 2601 sularem
670 2536 953 2618 intelligi
984 2536 1288 2601 voluisse.
1376 2538 1699 2602 luvenalis
1734 2539 1846 2603 ob·

356 2638 619 2719 jurgans
652 2658 803 2715 eos,
850 2637 959 2722 qui
991 2639 1110 2703 viis
1145 2623 1359 2721 pravis
1404 2640 1847 2724 tortuosisque

359 2760 440 2804 ex
472 2738 705 2803 humili
736 2737 817 2802 ad
855 2740 1169 2804 maximos
1201 2742 1490 2808 honores
1525 2748 1849 2828 pervenei-

272 2928 283 2937 ·
356 2863 472 2921 re,
518 2843 613 2907 sic
652 2842 742 2956 ait
774 2848 867 2928 ·)=

441 3015 595 3076 Cum
630 3024 694 3077 te
748 3021 1216 3090 summoveant,
1287 3019 1403 3098 qm·
1462 2989 1843 3079 testamenta

1233 3125 1551 3178 merentur

442 3218 785 3291 Noctibus,
828 3220 900 3277 in
931 3219 1178 3278 coelum
1212 3235 1371 3298 quas
1402 3219 1641 3291 evehit,
1687 3217 1849 3294 opti-

1237 3335 1346 3375 ma
1379 3334 1613 3375 summi

437 3422 625 3481 Nune
685 3419 800 3477 οἱα
855 3432 1205 3496 processus
1224 3457 1242 3490 ,
1311 3419 1566 3478 vetulae
1629 3416 1848 3498 vesz‘ca

1237 3519 1463 3577 beatae
1479 3557 1498 3591 ,

357 3633 590 3714 quibus
626 3651 781 3696 sane
816 3631 1034 3698 verbis
1083 3629 1310 3706 docet,
1355 3631 1656 3695 homines
1691 3650 1846 3694 nau-

353 3736 416 3798 ci
463 3734 739 3818 primum
784 3735 977 3816 turpi·
1015 3755 1161 3798 cum
1206 3735 1443 3798 vetulis
1500 3747 1845 3796 consuetu-

354 3837 508 3901 dine
541 3856 687 3900 rem
719 3835 992 3913 fecisse,
1038 3835 1277 3899 deinde
1306 3836 1390 3900 ad
1440 3837 1846 3900 consulatum

354 3938 561 4004 fuisse
595 3951 897 4014 evectos,
943 3958 1061 4000 seu
1089 3938 1414 4001 honorem
1443 3943 1673 4005 summi
1694 3961 1846 4020 pro·

354 4065 588 4118 cessus.
635 4040 803 4104 Satis
836 4043 1018 4103 clare
1053 4041 1248 4104 etiam
1287 4055 1522 4126 poetae
1558 4055 1843 4103 mentem

353 4144 637 4227 explicat
667 4142 952 4207 adhibita
981 4140 1061 4203 ad
1089 4144 1261 4206 hunc
1297 4142 1513 4210 locu'm
1534 4162 1661 4206 vox
1678 4165 1845 4206 sum-

351 4257 665 4322 moveant,
710 4246 1014 4308 nimirum
1035 4245 1582 4328 praecedentibus
1603 4245 1667 4305 in
1690 4264 1842 4327 pro-

357 4367 548 4411 cessu
594 4347 936 4410 lictoribus
995 4348 1318 4426 consulis,
1380 4347 1681 4430 viamque
1725 4365 1841 4428 po·

3322 436 3461 504 335

1969 595 2111 681 puli
2170 597 2479 660 confluxu
2550 594 2929 677 impeditam
2996 590 3468 685 aperientibus,

1974 718 2104 781 quo
2151 698 2352 783 modo
2397 713 2467 762 et
2520 699 2995 765 convenienter
3049 704 3212 768 dixit
3255 704 3467 770 Hora-

1974 801 2101 866 tius
2130 799 2234 882 Β).
3138 804 3144 811 ’
3249 804 3255 810 ’

2057 974 2206 1038 Non
2240 970 2412 1036 enim
2431 988 2677 1049 yazae,
2722 988 2925 1053 neque
2958 975 3320 1037 consularia

2055 1073 2428 1133 Summovet
2460 1073 2651 1135 lu‘ctor
2680 1073 2947 1134 miseros
2983 1078 3293 1137 tumultus

2054 1175 2293 1237 Mentis
2315 1215 2333 1248 ,
2379 1180 2444 1234 et
2465 1153 2661 1236 curas
2689 1175 2997 1254 laqueata
3029 1178 3269 1238 circum

2781 1260 2972 1338 Tecta
3005 1279 3315 1340 volantes.

2095 1390 2353 1456 Placuit
2385 1388 2466 1455 ad
2517 1391 2679 1455 haec
2727 1393 3051 1455 Iuvenalis
3109 1396 3311 1460 verba
3348 1398 3465 1460 ali·

1969 1506 2274 1577 quantum
2325 1491 2696 1571 immorari,
2772 1494 2921 1578 quia
2969 1493 3202 1572 video,
3280 1499 3460 1563 viros

1967 1595 2262 1658 eruditos
2327 1594 2395 1654 in
2440 1594 2573 1657 suis
2623 1595 2709 1658 ad
2753 1580 2864 1659 illa
2922 1594 3281 1662 observatis
3323 1621 3459 1662 non

1964 1697 2117 1759 satis
2180 1695 2524 1759 commode
2580 1717 2809 1763 verum
2888 1716 3120 1762 eorum
3193 1722 3459 1766 sensum

1964 1798 2310 1863 evolvisse.

2091 1902 2245 1962 Dixi
2308 1898 2655 1983 aliquando
2688 1900 2782 1982 ο),
2844 1899 3115 1968 difficile
3161 1926 3460 1970 nonnun-

1964 2024 2154 2088 quam
2216 2023 2362 2065 esse
2422 1998 2733 2079 definire,
2794 2004 3050 2087 quando
3114 2006 3182 2067 in
3237 2010 3454 2073 numia

1962 2108 2321 2191 imperator
2383 2103 2649 2184 fingitur
2709 2106 3041 2190 quadrigis
3087 2130 3207 2173 seu
3252 2131 3457 2196 equo..

1961 2230 2143 2285 rum,
2188 2227 2307 2269 seu
2353 2205 2850 2301 elephantorum
2899 2222 3159 2286 vectus,
3223 2226 3291 2274 et
3316 2217 3460 2278 sci.

1960 2312 2220 2394 pionem
2258 2329 2403 2373 cum
2454 2309 2668 2391 aquila
2715 2324 3013 2392 gestans,
3060 2326 3277 2375 utrum
3322 2316 3452 2379 hoc

1960 2426 2114 2498 typo
2146 2413 2508 2495 triumphus
2531 2457 2547 2488 ,
2594 2434 2673 2473 an
2706 2432 3053 2494 processus
3092 2417 3454 2480 consularis

1962 2515 2045 2578 sit
2079 2513 2583 2596 intelligendus,
2654 2515 2834 2597 quia,
2895 2532 2965 2575 ut
3002 2516 3314 2580 hactenus
3362 2519 3453 2582 vi·

1965 2616 2212 2694 dimus,
2256 2616 2418 2679 haec
2449 2616 2662 2700 aquila
2706 2630 2772 2679 et
2815 2637 2960 2680 cum
3003 2619 3457 2702 triumphanti-

1961 2719 2116 2799 bus,
2178 2732 2248 2783 et
2296 2717 2671 2782 consulibus
2715 2720 3078 2784 communis
3119 2735 3239 2785 est.
3331 2725 3455 2786 Ta·

1960 2844 2112 2892 meu
2148 2842 2281 2885 non
2326 2819 2478 2885 raro
2517 2843 2751 2884 numus
2782 2825 2925 2908 ipse
2965 2824 3166 2887 dictat
3199 2825 3453 2903 modos,

1959 2926 2190 3008 quibus
2224 2939 2564 3010 utramque
2585 2926 3041 2987 solennitatem
3069 2926 3450 3011 distinguas.

1962 3025 2241 3117 Quando
2283 3027 2514 3089 similis
2561 3039 2749 3109 typus
2805 3039 2904 3088 est
2950 3028 3015 3087 in
3063 3049 3262 3132 numo
3309 3032 3453 3114 ejus

1960 3129 2144 3204 anni,
2208 3147 2338 3210 quo
2397 3140 2582 3190 certo
2642 3139 2925 3202 cunstat,
2982 3128 3453 3210 imperatorem

1960 3228 2361 3311 processisse
2401 3228 2780 3304 consulem,
2841 3249 2914 3292 ac
2958 3231 3346 3313 praecipue,
3396 3231 3454 3291 si

1962 3329 2239 3392 historia
2288 3329 2414 3390 acti
2478 3347 2558 3390 eo
2603 3349 2772 3391 anno
2818 3330 3130 3411 triumphi
3176 3330 3458 3392 mentio·

1957 3450 2112 3492 ncm
2153 3447 2283 3490 non
2319 3428 2515 3505 facit,
2562 3428 2844 3490 dubitari
2879 3431 3139 3513 nequit,
3183 3453 3454 3514 proces·

1957 3553 2100 3594 sum
2138 3548 2285 3594 esse
2321 3530 2730 3594 consularem
2753 3573 2770 3605 ,
2818 3551 3100 3614 eumque
3135 3534 3454 3596 insertum

1955 3633 2168 3694 numis
2223 3651 2305 3695 eo
2350 3631 2604 3707 modo,¹
2645 3652 2777 3715 quo
2824 3632 3103 3696 illustria
3150 3653 3448 3718 quaeque

1956 3735 2124 3797 sacta
2187 3734 2393 3796 inseri
2445 3748 2746 3808 monetae
2803 3754 3233 3799 consuevere.
3321 3736 3455 3800 Ex-

1962 3849 2131 3899 stant
2177 3839 2358 3899 numi
2398 3836 2690 3922 insignes
2722 3836 3063 3899 Commodi
3112 3859 3257 3900 cum
3293 3851 3450 3921 typo

1960 3939 2191 4015 simili,
2238 3939 2305 3999 in
2349 3938 2580 4021 quibus
2629 3938 2684 4000 is
2740 3938 2978 4002 dicitur
3025 3942 3163 4002 ΤΒ.
3198 3941 3271 4001 Ρ.
3304 3941 3450 4012 XV.

1960 4041 2135 4101 lMP.
2171 4040 2344 4107 Vm.
2388 4039 2578 4105 COS.
2611 4044 2759 4118 VL,
2823 4064 2986 4125 quae
3040 4057 3186 4105 sunt
3227 4057 3450 4105 certae

1956 4157 2149 4204 notae
2176 4142 2326 4205 anni
2344 4143 2425 4209 V.
2451 4145 2528 4207 C.
2550 4142 2676 4222 943
2697 4189 2713 4220 ‚
2757 4144 2939 4227 cujus
2971 4145 3287 4207 Kalendis
3317 4148 3447 4207 Ian.

1952 4245 2279 4326 processit
2339 4246 2571 4307 consul
2624 4245 2741 4314 vl.
2867 4245 3003 4306 Alii
3076 4245 3450 4318 caracallae
3493 4268 3523 4294 ·-

1952 4366 2101 4409 cum
2139 4348 2282 4409 ΤΒ.
2327 4348 2403 4409 Ρ.
2439 4347 2550 4410 xl.
2608 4359 2675 4410 et
2708 4346 2922 4421 xv1.;
2983 4360 3131 4409 sunt
3169 4348 3291 4409 bae
3335 4366 3452 4409 no-

427 4560 486 4629 0‘)
529 4557 707 4630 Quod
746 4568 940 4615 tamen
966 4574 1121 4613 anno
1154 4557 1425 4630 proxime
1452 4554 1656 4635 elapso
1686 4558 1889 4630 (1834)
1926 4554 1988 4612 in
2018 4573 2284 4612 museum
2312 4552 2451 4610 nob.
2487 4553 2604 4611 viri
2632 4554 2952 4633 Fejervary
2982 4557 3265 4634 migrasse
3292 4557 3448 4616 sama

534 4629 892 4762 accepimus.
969 4629 1104 4686 Not.
1145 4628 1288 4686 edit.
1366 4657 1373 4664 ·

420 4706 480 4775 a)
520 4703 639 4762 Sat.
710 4743 723 4758 .
762 4711 855 4766 37.
980 4701 1072 4780 pb)
1113 4701 1312 4759 Carm.
1349 4697 1423 4757 L.·
1451 4698 1524 4758 11.
1563 4695 1664 4758 od.
1705 4701 1794 4762 16.

1862 4689 1869 4695 ’
1918 4683 2000 4771 ὀ)
2040 4698 2105 4755 in
2142 4715 2303 4755 num.
2343 4698 2493 4774 Aug.
2535 4695 2615 4754 ad
2648 4701 2719 4756 V.
2761 4699 2831 4761 C.
2871 4706 2993 4762 752.
