4388 5576
1135 573 1253 624 vm
2047 550 2594 628 NOTITIA
2655 496 3340 626 12⁵1TERAR1A

1140 707 1543 800 secundum
1586 718 2179 821 magnitudinem·
2203 721 2280 795 in
2315 722 2548 797 varias
2586 722 2818 796 series
2853 719 3180 796 ordinari
3214 726 3788 812 consueverant,
3825 719 3998 795 itaut
4021 722 4124 823 pri-

1139 885 1336 932 mum
1382 855 1589 929 numi
1632 856 2009 930 autonomi
2048 857 2307 930 ordine
2349 855 2816 955 alphabetico
2858 873 2934 928 et
2973 854 3380 929 secundum
3416 857 3695 930 metalli
3730 882 3937 957 genus
3954 855 4125 930 eollo·

1138 1008 1521 1086 carentur3
1575 988 1861 1083 deinde,
1900 990 2104 1063 numi
2140 986 2330 1089 regii
2371 990 2773 1064 secundum
2809 988 3186 1062 modulum
3237 1008 3314 1065 et
3352 991 3626 1064 metalli
3660 998 3911 1089 genus,
3942 1007 4127 1087 postes

1136 1129 1340 1201 numi
1377 1129 1879 1201 Romanorum
1922 1127 2370 1200 Consulares
2399 1143 2475 1197 et
2501 1125 2958 1224 Imperatorii
2994 1125 3249 1198 itidem
3290 1126 3697 1198 secundum
3740 1125 4056 1199 modulum
4081 1138 4134 1194 et

1133 1262 1412 1336 metalli
1468 1286 1704 1361 genus
1746 1262 2398 1349 distribuerentur,
2450 1259 2721 1358 quibus
2761 1260 2891 1332 alii
2929 1282 3195 1359 numos
3239 1259 3694 1331 coloniarum
3731 1261 4028 1336 adserere
4054 1279 4134 1329 so-

1137 1392 1434 1485 lebant,
1489 1397 1831 1472 alii-vero
1877 1397 1957 1467 in
2000 1392 2410 1523 peculiares
2459 1394 3128 1492 series·sejuugere
3175 1393 3545 1467 amabant.

1339 1532 1546 1631 Quae
1606 1522 2096 1607 distribuendi
2141 1525 2576 1617 methodus,
2645 1550 3088 1626 quamquam
3136 1552 3180 1600 a
3237 1527 3656 1627 praecipuis
3701 1520 4136 1601 ‘numismatieis

1138 1665 1482 1760 adopuitu
1523 1679 1601 1737 et
1642 1666 1717 1735 ln
1756 1656 2347 1762 locupletissimis
2392 1662 2663 1734 Museis
2703 1652 3031 1736 adhibita
3077 1662 3349 1751 fuerit,
3422 1679 3666 1736 tamen
3721 1686 3925 1764 quam
3956 1681 4136 1761 parum

1135 1797 1520 1872 commoda
1550 1798 1666 1887 sit,
1716 1796 1935 1870 facile
1979 1796 2435 1895 intelligitur.
2486 1794 2586 1870 Ut
2633 1797 2826 1868 enim
2860 1793 3194 1869 ordinem
3219 1820 3461 1868 rerum
3489 1817 3850 1895 gestarum
3873 1790 4139 1893 sequaris,

1142 1931 1321 2006 alias
1364 1949 1586 2030 atque
1626 1932 1810 2004 alias
1852 1930 2084 2004 series
2132 1951 2520 2002 numerum
2561 1926 2971 2006 secundum
3014 1929 3476 2005 modulos-et
3505 1932 3812 2028 ⁴metalla
3849 1928 4140 2005 distinctas

1133 2066 1622 2166 perscruteris
1645 2088 1955 2139 necesse
2004 2081 2137 2138 est.
2176 2068 2410 2137 Porro
2449 2064 2532 2136 fit
2560 2112 2586 2154 ,
2633 2082 2715 2137 ut
2749 2066 2953 2137 numi
2995 2082 3315 2139 terarum
3340 2066 3771 2164 longissime
3796 2061 4145 2142 distantium,
4215 2156 4221 2165 ὁ

1134 2200 1499 2295 siquidem
1538 2199 1798 2273 ordine
1825 2199 2294 2298 alphabetico
2339 2225 2418 2272 se
2450 2199 2839 2298 excipiant,
2877 2225 3110 2298 penes
3133 2226 3214 2273 se
3255 2199 3724 2274 collocentur
3761 2229 3826 2274 v.
3846 2189 4149 2297 g.Pauti·

1139 2356 1573 2435 capaeum
1620 2334 1699 2405 in
1725 2333 2070 2423 Tauride,
2108 2337 2591 2407 Panormus
2624 2333 2702 2406 in
2726 2332 3000 2424 Sicilia,
3052 2352 3129 2408 et
3151 2335 3501 2435 Paphos
3541 2334 3620 2405 in
3646 2306 3892 2435 Cypro
3928 2326 4121 2401 insula.

1285 2462 2317 2568 Pellerinus,'hujusmodi
2353 2452 2940 2541 distributionem
2990 2495 3033 2541 a
3058 2468 3409 2541 methodo
3447 2468 3976 2568 philosophica,
4017 2481 4148 2559 quae

1146 2607 1508 2705 cujusque
1556 2604 1908 2678 scientiae
1964 2601 2163 2677 basis
2227 2603 2366 2691 sit,
2416 2627 2725 2675 necesse
2777 2619 2935 2691 est,
2983 2602 3412 2700 longissime
3472 2603 3825 2676 aberrare
3885 2595 4150 2675 sentiens

1131 2764 1392 2814 novam
1438 2739 1518 2809 in
1562 2738 1700 2810 hac
1742 2762 1823 2809 re
1850 2736 2036 2809 viam
2078 2736 2503 2837 patefacere
2533 2753 2842 2810 conatus
2891 2753 3047 2824 est,
3102 2760 3346 2835 eoque
3393 2739 3781 2837 pervenit,
3831 2752 3912 2809 ut
3963 2746 4151 2805 numos

1136 2873 1428 2946 urbium
1492 2871 1894 2943 secundum
1944 2871 2341 2967 regiones,
2411 2869 2612 2942 unde
2663 2870 3021 2968 originem
3078 2872 3507 2961 traherent,
3558 2872 3952 2946 ordinaret.
4015 2866 4155 2963 Qu&

1139 3005 1535 3080 ordinandi
1575 3005 1764 3078 ratio
1802 2995 2138 3102 magnam
2182 2991 2484 3102 quidem
2524 3027 2907 3076 numerum
2947 3001 3542 3103 explicandorum
3585 3006 4007 3079 facilitatem
4046 3018 4158 3091 sup·

1135 3140 1556 3245 peditahat3
1609 3166 1856 3214 verum
1900 3156 2157 3213 auctor
2205 3138 2396 3211 hanc
2427 3138 2617 3211 viam
2657 3138 2853 3210 haud
2894 3137 3069 3212 satis
3106 3139 3338 3238 longe
3376 3159 3886 3239 prosequutus
3927 3151 4042 3222 est,
4074 3122 4158 3202 sed

1141 3276 1355 3374 quasi
1391 3277 1468 3347 in
1506 3276 1742 3375 primo
1774 3269 2028 3347 limine
2070 3274 2363 3361 sistens,
2403 3295 2668 3345 numos
2707 3299 2860 3344 non
2896 3273 3044 3344 nisi
3079 3274 3485 3346 secuudum
3520 3274 3918 3373 generales
3950 3263 4160 3342 divisio·

1136 3436 1272 3485 nes
1313 3410 1844 3509 geographicas
1880 3408 2307 3507 dispertitus
2346 3425 2485 3480 est.
2555 3410 2817 3504 Itaque
2853 3426 3186 3482 cunctam
3223 3410 3586 3507 cujusque
3619 3408 3954 3508 regionis,
3986 3419 4162 3474 mone·

1135 3562 1279 3620 tam
1333 3545 1411 3617 in
1462 3569 1688 3617 unum
1736 3569 2085 3618 acervum
2133 3541 2508 3642 congessit
2564 3560 2640 3614 et
2690 3542 2954 3615 ordine
3007 3541 3477 3640 alphabetico
3531 3541 3977 3643 composuit.
4023 3531 4164 3607 Iden

1132 3698 1382 3753 tamen
1420 3705 1681 3752 numos
1719 3677 2055 3767 urbium,
2105 3703 2410 3776 regum,
2459 3693 2541 3750 et
2578 3677 3029 3752 coloniarum
3072 3701 3461 3750 secernere
3497 3678 3784 3776 coepit.

1330 3812 1613 3884 Eckhel
1657 3830 1910 3885 noster
1945 3811 2226 3910 primus
2258 3811 2558 3903 exstitit,
2607 3813 2734 3911 qui
2760 3812 3237 3912 perspiceret,
3295 3829 3649 3910 quantum
3681 3799 4163 3886 incommodita-

1146 3943 1243 4015 tis
1289 3943 1614 4017 diversae
1659 3943 1798 4016 hae
1842 3942 2169 4016 methodi
2211 3945 2596 4019 haberent.
2664 3950 2750 4017 In
2795 3973 2886 4019 eo
2926 3963 3168 4017 tamen
3213 3973 3378 4020 cum
3418 3947 3802 4020 Pellerino
3845 3929 4166 4019 consensilae

1133 4103 1375 4178 aeque
1412 4078 1740 4175 ineptum
1781 4093 1857 4150 et
1897 4076 2286 4150 ridiculum
2321 4106 2530 4169 esse,
2579 4102 2844 4153 numos
2877 4079 3282 4155 secundum
3324 4081 3599 4154 metalli
3637 4103 3892 4179 genus
3929 4088 4040 4150 aut
4063 4086 4163 4139 mo·

1131 4215 1347 4289 dulos
1397 4212 1773 4314 dispertiri
1817 4212 2050 4299 velle,
2104 4235 2323 4310 quam
2374 4213 2437 4286 si
2491 4215 2657 4312 quis
2709 4214 3119 4314 plantarum
3172 4239 3449 4314 genera
3507 4240 3601 4288 ex
3660 4214 3926 4313 stirpis
3975 4195 4168 4279 duritie
4243 4307 4244 4314 ἵ

1134 4352 1386 4427 aliisve
1427 4349 2001 4450 proprietatibus
2043 4349 2123 4420 in
2168 4348 2477 4437 herbas,
2539 4349 2845 4423 frutices
2905 4368 2982 4424 et
3031 4350 3338 4425 arbores
3379 4349 3768 4422 divideret.
3841 4334 4174 4420 Methoduz

1133 4488 1330 4562 enim
1363 4488 1439 4558 in
1465 4485 1668 4558 omni
1689 4483 1999 4559 scientia
2033 4485 2136 4556 fili
2160 4484 2389 4559 instar
2434 4502 2569 4573 est,
2610 4510 2784 4583 quo,
2815 4484 3059 4559 vitatis
3101 4484 3534 4583 ambagibus
3551 4501 3633 4556 et
3674 4479 4171 4570 erroribus,pe¹

1131 4645 1431 4698 caecum
1456 4619 1956 4719 labyrinthum
1996 4620 2442 4720 cognitionis
2479 4620 2896 4721 empyricae
2925 4620 3308 4694 ducamur.
3357 4620 3539 4692 Utut
3565 4616 3930 4718 plurimas
3954 4625 4170 4684 κεῦθ’

1127 4756 1560 4858 quotidiano
1620 4774 1695 4830 et
1731 4756 2101 4831 communi
2139 4757 2586 4856 experientia
2624 4755 3139 4847 didicerimus,
3182 4771 3473 4841 tamen,
3524 4753 3589 4827 si
3638 4749 4042 4826 methodus
4088 4737 4173 4812 ab·

1127 4889 1264 4986 est,
1304 4892 1493 4968 scire
1527 4909 1856 4969 nostrum
1890 4890 2078 4965 nihil
2121 4907 2255 4982 est,
2291 4889 2436 4965 nisi
2480 4891 2771 4993 farrago
2805 4893 3190 4968 notionum
3215 4889 3620 4968 memoriae
3655 4877 4178 4963 inhaerentium
