4388 5576
1154 535 1309 612 AD
1374 518 1949 613 voLvMEN
2016 479 2509 611 pamm.

894 709 965 770 P.
999 705 1104 770 80.

380 811 709 896 lejunnm,
755 782 1035 884 Fateor,
1084 805 1215 870 hoc
1250 808 1401 871 loco
1444 819 1743 869 monetae

251 913 664 976 Britannicae
705 910 945 973 veteris
980 912 1344 994 catalogum
1394 909 1743 985 dederam,

249 1028 444 1098 atque
483 1012 656 1083 hunc
696 1012 1104 1074 etiam‘tanto
1148 1012 1352 1095 magis
1398 1031 1747 1094 aspernan-

251 1115 443 1193 dum,
493 1114 644 1201 quia
682 1135 769 1178 ne
814 1113 942 1198 ipsi
981 1113 1177 1176 etiam
1215 1111 1319 1172 illi
1359 1125 1530 1189 tres,
1575 1131 1741 1198 quos

249 1218 427 1281 solos
465 1215 812 1292 dederam,
858 1226 1104 1277 certam
1151 1212 1277 1274 sibi
1319 1225 1591 1295 possunt
1632 1234 1743 1295 pa-

249 1321 442 1383 triam
472 1317 805 1383 vindicare
841 1315 1260 1379 Britanniam.
1303 1316 1481 1376 Ussit
1515 1334 1591 1375 ea
1631 1335 1739 1375 res

250 1420 578 1483 cruditum
612 1417 978 1502 quempiam
1010 1416 1296 1500 Anglum
1316 1460 1332 1492 ‚
1374 1415 1486 1498 qui
1517 1416 1739 1498 vulga-

246 1536 376 1585 tam
417 1521 582 1583 hanc
610 1542 646 1582 a
673 1539 779 1580 me
811 1518 1059 1584 veteris
1094 1539 1295 1601 gazae
1325 1515 1736 1578 Britannicae

242 1623 582 1707 penuriam
636 1640 788 1683 suae
837 1618 1260 1703 opprobrium
1308 1618 1519 1702 gentis
1567 1617 1738 1678 arbi-

240 1738 444 1787 tratus
478 1736 859 1807 sequentem
893 1720 975 1783 ad
1009 1740 1152 1796 me,
1187 1720 1616 1790 dissimultate
1647 1732 1737 1780 ta-

238 1845 391 1888 men
425 1844 543 1887 suo
574 1823 873 1898 nomine,
907 1820 1249 1901 epistolam
1287 1820 1483 1894 dedit,
1519 1840 1729 1905 quam,

235 1925 467 1988 Latine
495 1925 821 2009 scriptam,
848 1936 920 1986 ut
947 1942 1350 2004 acceperam,
1383 1921 1728 2005 integram,

232 2027 415 2089 nullo
458 2026 571 2089 vel
614 2026 797 2107 apice
840 2038 949 2087 aut
985 2023 1242 2099 addito,
1290 2036 1400 2086 aut
1438 2023 1725 2106 dempto,

230 2141 341 2191 aut
372 2127 709 2190 immutato
740 2127 847 2191 hic
882 2146 1033 2190 cum
1073 2126 1328 2191 lectore
1373 2126 1730 2189 communi-

232 2243 437 2293 catam
483 2229 657 2296 volo.

351 2403 379 2435 ⁸
616 2417 742 2481 Vir
785 2415 1207 2478 doctissime!

360 2533 552 2597 »Tibi
583 2534 882 2618 ignotus,
930 2547 997 2597 et
1040 2553 1205 2617 ergo
1248 2530 1559 2616 ἅνονυμος,
1602 2530 1723 2595 sed

231 2649 479 2699 amator
498 2636 705 2698 famae
733 2648 901 2709 tuae,
939 2635 1244 2718 quasdam
1279 2633 1723 2698 observatiun-

227 2737 406 2802 eulas
436 2737 500 2799 in
535 2757 696 2822 epus
714 2748 913 2799 ‘tuum‘
931 2738 1292 2821 egregium,
1326 2735 1431 2799 cui
1454 2734 1717 2799 titulus:

226 2840 542 2904 Doctrina
568 2861 913 2902 numerum
946 2853 1067 2902 etc.
1100 2839 1217 2900 tibi
1240 2837 1573 2903 submitte.
1606 2838 1722 2898 Di-

228 2941 456 3004 stantia
498 2942 629 3006 loci
662 2956 726 3003 te
765 2942 1167 3003 litteraturae
1202 2955 1467 3003 nostrae
1496 2941 1720 3023 Angli-

227 3062 425 3104 canae
452 3041 862 3123 inexpertem
891 3041 1199 3115 reddidit,
1228 3061 1353 3103 nee
1378 3062 1543 3101 unus
1570 3060 1721 3102 ocu-

226 3142 330 3204 lus
372 3137 590 3204 omnia
629 3141 857 3205 videre
895 3154 1128 3223 potest.
1174 3140 1345 3203 Hinc
1385 3140 1468 3204 de
1507 3141 1719 3202 nuruis

222 3242 615 3306 Britannicis
642 3241 953 3325 judicium
979 3255 1158 3303 tuum
1185 3240 1456 3303 eruditis
1479 3241 1720 3302 nostris

222 3345 417 3408 valde
457 3343 816 3428 displicuit,
863 3342 1214 3425 presertim
1251 3363 1401 3405 cum
1436 3355 1608 3405 totus
1642 3343 1721 3404 li-

224 3445 355 3509 ber
399 3456 547 3507 tuus
593 3443 1001 3507 inscientiam
1072 3444 1161 3524 (si
1211 3445 1307 3506 fas
1359 3439 1499 3524 sit)'
1542 3455 1716 3506 tuam

222 3547 617 3630 scriptorum
648 3561 1023 3609 nostrorum
1052 3545 1134 3609 de
1167 3566 1241 3608 re
1270 3545 1714 3608 numismatica

220 3647 644 3737 demonstrat.
689 3648 883 3711 Haud
915 3633 1220 3734 equidem
1253 3649 1524 3731 ignoro,
1561 3667 1714 3710 cen·

221 3771 441 3814 suram
474 3772 513 3812 a
546 3763 613 3815 te
652 3749 846 3814 latam
879 3772 1025 3814 esse
1052 3751 1339 3814 'eandem
1369 3748 1499 3815 viri
1532 3748 1712 3813 docti

218 3852 473 3915 Ioannis
525 3851 886 3915 Pinlterton
934 3853 1115 3915 Scoti
1169 3852 1237 3914 in
1293 3856 1498 3935 'opere
1556 3872 1709 3929 suo,

210 3953 324 4016 eui
370 3954 630 4017 titulus:
686 3955 791 4015 An
836 3956 1041 4037 Essay
1086 3974 1173 4016 on
1202 3953 1459 4016 Medals
1493 3974 1556 4036 p.
1582 3955 1706 4037 295

207 4076 398 4140 seqq.
444 4056 597 4125 Vol.
626 4058 674 4122 1.
718 4056 1138 4140 nuperrimae
1195 4052 1501 4119 editionis
1542 4054 1704 4136 1789
1746 4109 1755 4116 ,

207 4158 352 4231 Βῒθ,
385 4156 502 4219 sed
534 4158 602 4218 in
630 4157 759 4252 hoc
786 4158 1031 4242 judicio
1066 4156 1297 4241 Anglis
1328 4155 1567 4219 nostris
1602 4175 1731 4219 er·-

208 4278 365 4321 rare
414 4255 589 4322 visus
631 4274 750 4323 est.
811 4263 900 4322 Et
952 4260 1113 4323 mihi
1162 4258 1596 4336 condonabis,
1648 4256 1704 4319 si

206 4360 429 4423 obiter
473 4358 646 4422 hunc
695 4360 936 4423 librum
987 4361 1109 4422 tibi
1158 4359 1581 4437 commendo,
1632 4372 1720 4449 ut*

200 4462 398 4527 nobis
445 4462 773 4525 illustrem
815 4463 1112 4547 pluribus
1152 4462 1577 4539 editionibus,
1631 4474 1699 4523 et

199 4590 246 4630 a
296 4565 505 4629 doctis
553 4566 829 4642 nostris,
899 4578 968 4628 et
1025 4588 1061 4628 a
1114 4564 1198 4626 01.
1248 4563 1697 4628 Bartbelemio

199 4666 559 4732 laudatum.
618 4667 720 4729 Ibi
765 4667 1060 4730 notitiam
1100 4666 1458 4730 absolutam
1510 4687 1697 4750 prae·

196 4769 408 4831 sentis
444 4769 837 4864 conditionis
868 4769 969 4833 rei
1004 4782 1266 4833 nostrae
1304 4767 1719 4832 numismati-2

3337 556 3379 625 ’ἱ

1861 720 1976 770 c'ae
2009 706 2335 789 reperias,
2373 720 2440 769 et
2474 677 2750 788 plurima
2787 727 2951 775 nova
2984 700 3353 792 excogitata

1860 824 2049 871 antea
2102 808 2530 890 scriptoribus
2573 809 2827 891 ignota,
2881 811 2978 872 uti
3029 811 3086 873 si
3136 830 3362 874 exem·

1860 912 2042 990 plum
2080 930 2331 992 ponere
2375 910 2561 988 licet,
2615 933 2848 973 numos
2899 912 3360 996 imperatorios

1856 1011 2078 1095 magni
2111 1011 2318 1088 aeris,
2364 1033 2542 1075 asses
2582 1013 2780 1097 vulgo
2819 1013 3063 1091 dictos,
3108 1028 3366 1079 sester-

1853 1114 1984 1178 tios
2017 1132 2163 1177 esse
2204 1114 2466 1180 evincit.
2511 1114 2646 1177 Sed
2680 1115 2842 1178 haee
2881 1114 3154 1179 0δίιοοω

1988 1213 2193 1289 wiht,
2225 1214 2330 1278 vir
2355 1214 2636 1293 erudite,
2658 1215 2934 1279 maxime
2963 1215 3368 1282 commendo*

1855 1313 2061 1376 libros
2087 1328 2346 1376 nostros
2377 1337 2662 1398 nuperos
2692 1318 2773 1381 de
2799 1340 2874 1380 re
2903 1319 3350 1403 numismatica

1828 1435 2267 1497 -comparare,
2323 1417 2499 1500 quod
2536 1418 2766 1493 facile,
2811 1420 2867 1481 si
2905 1420 2986 1482 cl.
3021 1419 3354 1503 bibliopo-

1852 1516 1956 1579 lae
2009 1515 2325 1579 Edwards
2371 1519 2437 1579 in
2489 1519 2635 1585 vico
2680 1521 2979 1582 Pallmall
3031 1521 3348 1601 Londini,

1853 1619 1962 1679 cui
2010 1638 2156 1679 cum
2203 1619 2592 1691 Vindobona
2639 1622 3143 1699 commercium,
3195 1636 3261 1685 et
3306 1647 3347 1687 a

1851 1730 1981 1802 quo
2016 1718 2256 1780 librum
2289 1733 2469 1781 tuum
2511 1722 2671 1800 emi,
2722 1724 3013 1787 mandata
3056 1722 3337 1790 deferaS.

1847 1821 2045 1891 Haec,
2085 1821 2363 1904 epistola
2411 1824 2820 1887 solummodo
2876 1812 3126 1909 spectat
3173 1825 3346 1909 judi·

1847 1921 2018 1984 cium
2056 1936 2240 1984 tuum
2277 1924 2361 1987 de
2402 1925 2611 1986 numis
2647 1926 3023 2002 Britonum3
3071 1947 3218 1988 nam
3271 1941 3342 1992 et

1844 2037 2096 2085 certum
2136 2039 2266 2101 est,
2311 2027 2536 2108 plnres
2571 2028 2679 2091 hic
2712 2041 3053 2111 repertos,
3090 2027 3337 2092 fabrica

1842 2139 1911 2188 et
1944 2127 2108 2209 typis
2134 2148 2168 2188 a
2202 2127 2468 2189 Gallicis
2499 2150 2770 2210 prorsus
2799 2129 3182 2206 abhorrere,
3218 2152 3352 2192 nu·-

1840 2250 1983 2289 mus
2030 2228 2423 2291 Cunobelini
2475 2229 2652 2312 regis
2705 2243 2928 2293 extare
2977 2231 3331 2313 plurimos,

1839 2343 1908 2400 ,et
1933 2323 2180 2411 aliquot
2209 2329 2276 2389 in
2298 2329 2704 2393 Pinkertonii
2732 2351 2936 2413 opere
2966 2332 3166 2405 (inter
3191 2324 3336 2416 plu-

1837 2431 1936 2492 ria
1968 2431 2092 2493 alia
2123 2430 2506 2494 numismata
2539 2432 2806 2495 Persica
2826 2477 2842 2508 ,
2877 2432 3163 2509 Graeca,
3204 2435 3337 2496 Ro-

1838 2552 2043 2608 mana,
2075 2531 2357 2615 primum
2392 2552 2474 2595 ex
2504 2532 2897 2617 collectione
2929 2528 3336 2598 Hunteriana

1837 2635 2199 2716 exsculpta)
2250 2648 2478 2697 extare
2528 2632 2832 2697 indubiae
2881 2649 3099 2700 notae.
3165 2636 3333 2699 Sunt

1838 2747 1907 2798 et
1952 2736 2130 2796 numi
2174 2736 2518 2798 Britonum
2570 2755 2654 2798 ex
2697 2755 2903 2818 cupro
2954 2750 3021 2799 et
3070 2750 3328 2815 stanno,

1837 2835 1944 2898 cui
1993 2836 2239 2900 similes
2293 2837 2529 2900 Gallici
2577 2857 2985 2920 nequaquam
3032 2852 3184 2901 sunt
3227 2859 3333 2901 re-

1835 2938 2033 3021 perti.
2091 2939 2292 3018 Vale,
2342 2939 2446 3004 vir
2491 2937 2788 3015 erudite,
2836 2952 2905 3001 et
2953 2939 3177 3006 literas
3227 2959 3332 3002 or·

1834 3060 1992 3101 nare
2039 3061 2269 3123 perge.
2333 3040 2584 3104 Dabam
2627 3039 2913 3102 Londini
2961 3063 3188 3105 mense
3237 3044 3330 3106 Ia-

1834 3140 2063 3202 nuario
2102 3149 2319 3222 ¹794*

1960 3240 2147 3322 Ergo
2193 3239 2300 3305 vir
2347 3239 2674 3316 eruditus,
2726 3240 3025 3326 ’quisquis
3075 3242 3134 3304 is
3194 3257 3326 3320 est,

1834 3360 2046 3403 meam
2081 3343 2506 3404 inscientiam
2541 3340 2934 3424 scriptorum
2975 3341 3058 3405 de
3093 3362 3171 3405 re
3207 3364 3328 3406 nu·

1832 3441 2188 3504 mismatica
2219 3441 2698 3504 Britanicorum
2727 3442 2797 3504 in
2830 3445 3081 3507 crimen
3109 3459 3319 3522 vocat,

1831 3542 2014 3625 enjus
2059 3562 2165 3607 me
2209 3565 2371 3606 onus
2414 3547 2626 3607 minus
2665 3545 2907 3628 premit
2941 3559 3319 3629 propterea,

1829 3644 2135 3729 quoniam
2164 3644 2229 3708 ei
2250 3644 2529 3708 ferendo
2551 3647 2860 3709 humeros
2883 3669 3142 3734 quoque
3165 3669 3317 3711 suos

1827 3761 2201 3830 supponunt
2224 3746 2640 3825 Vaillantius,
2673 3749 3080 3827 Harduinus,
3112 3751 3318 3813 Froe-

1824 3848 2082 3927 lichius,
2108 3846 2507 3912 Pellerinins
2533 3843 2694 3930 ³etc.,
2723 3852 2879 3936 quin
2897 3867 2960 3916 et
2979 3849 3332 3934 Haymius,

1821 3950 2073 4015 Wisius
2130 3965 2197 4014 et
2243 3964 2470 4014 auctor
2519 3953 2729 4015 musei
2778 3947 3314 4031 Pembrockiani‚

1824 4053 1935 4137 qui
1971 4053 2039 4114 in
2083 4053 2221 4137 ipsa
2260 4052 2634 4132 Britannia,
2684 4069 2753 4118 et
2793 4071 3004 4121 aetate
3045 4071 3309 4121 nostrae

1818 4154 2030 4239 vicina
2074 4155 2437 4239 scripsere,
2490 4155 2602 4240 qui
2649 4177 2877 4221 omnes
2920 4158 2990 4219 in
3025 4159 3157 4221 suis
3202 4164 3334 4219 ur-'

1814 4256 2028 4335 bium,
2068 4277 2465 4342 regumque,
2513 4258 2824 4342 catalogis
2857 4260 3021 4321 nihil
3055 4260 3312 4322 Britan-

1816 4360 2037 4422 nicum
2055 4372 2753 4436 commemoraverunt,
2784 4359 2957 4443 quod
2974 4384 3009 4424 a
3029 4382 3134 4424 me
3155 4361 3310 4424 fuis-

1813 4476 1915 4525 set
1950 4460 2506 4544 praetermissum.
2555 4460 2731 4554 Quid
2764 4461 2941 4545 quod
2975 4476 3043 4526 et
3083 4463 3306 4526 hume-

1812 4584 1925 4626 ros
1960 4583 2112 4625 suos
2145 4561 2518 4626 commodat
2550 4563 2631 4623 01.
2656 4563 2996 4641 Combius,
3043 4565 3156 4649 qui
3191 4586 3307 4627 nu·

1812 4686 2012 4750 perus
2040 4683 2282 4747 praeco
2314 4665 2524 4725 musei
2552 4663 2961 4743 Hunteriani,
2994 4688 3122 4751 quo
3158 4667 3326 4729 illu-·

1814 4766 2009 4830 utrius
2045 4765 2377 4829 Britannia
2415 4786 2550 4828 non
2586 4767 2815 4842 habet,
2873 4769 3134 4830 unicum
3181 4772 3309 4834 Ve-
