4388 5576
1482 470 2175 556 CARAVSIVS.

298 660 516 730 navale
545 658 888 749 apparatus
936 655 1225 736 fecerat,
1280 676 1414 722 non
1458 659 1660 725 modo
1694 658 1780 726 de

279 786 375 831 ·eo
405 763 769 849 subigendo
799 761 1218 848 desperaret,
1264 764 1382 827 sed
1429 764 1629 829 etiam
1663 762 1786 824 ini-

142 888 201 955 ι,
292 881 360 932 to
385 866 655 931 foedere
670 864 1074 928 Britanniam
1108 864 1443 950 perduelli
1471 889 1599 932 una
1633 887 1784 931 cum

289 970 559 1070 {ugmti
585 965 781 1031 titulo
814 968 995 1030 ultro
1027 967 1471 1051 permitteret.
1512 973 1618 1034 Ex
1651 990 1784 1056 quo

292 1086 581 1156 tempore
633 1090 787 1135 cum
826 1083 1058 1156 pacate
1123 1090 1277 1134 suos
1339 1085 1646 1157 regeret,
1703 1072 1797 1147 ab,

291 1174 544 1240 Allecto
588 1173 850 1259 perfide
909 1173 1315 1237 interimitur
1357 1174 1438 1243 V.
1493 1176 1568 1240 C.
1623 1174 1784 1252 2046

290 1280 362 1348 P.
390 1278 468 1343 X.
502 1276 650 1362 293.
1213 1312 1217 1321 «

403 1380 697 1447 onrem
735 1376 801 1440 ei
815 1373 1023 1439 fuisse
1049 1380 1363 1441 orianum
1386 1422 1404 1455 ,
1446 1379 1784 1445 nonnullis

197 1468 213 1485 ⁴
293 1502 498 1569 nuper
541 1478 910 1557 creditum,
950 1492 1228 1563 reperto
1274 1479 1343 1542 in
1388 1483 1633 1565 Anglia
1667 1485 1787 1549 Ca·

290 1586 476 1650 rausii
523 1602 766 1661 numo,
842 1581 912 1645 in
974 1581 1159 1665 cujus
1220 1602 1450 1649 aversa
1494 1584 1780 1672 legitur:

294 1685 641 1757 omVNA.
698 1681 1265 1767 AVGVSTA,·et
1318 1698 1513 1773 caput
1550 1688 1784 1752 mulie-

288 1787 417 1853 bre.
456 1793 549 1854 At
584 1785 1013 1852 verisimilius
1047 1788 1254 1852 visum
1291 1788 1553 1854 erudito
1573 1792 1782 1854 Bean-

287 1894 445 1971 vais,
486 1891 812 1977 aliisque,
857 1903 1052 1973 capnt
1101 1879 1374 1954 av'ersae
1408 1911 1561 1956 esse
1614 1884 1781 1965 deae

284 1991 636 2083 Eoi-tunae,
681 2009 752 2060 et
783 1991 1175 2060 vocabulum
1193 1991 1665 2071 FORTVNA,
1708 2013 1784 2062 ut

282 2094 697 2161 scribendum
740 2095 995 2175 fuerat,
1041 2119 1078 2159 a
1119 2095 1400 2160 barbaro
1429 2097 1680 2162 artifice
1711 2100 1782 2161 in

285 2197 619 2263 barbarum
660 2196 1006 2265 ORIVNA
1039 2197 1243 2263 fuisse
1282 2214 1664 2284 corruptum
1699 2204 1780 2287 ⁸).

286 2303 351 2363 Iu
380 2302 668 2367 lectione
708 2300 1147 2367 FORTVNA
1193 2323 1411 2385 nuper
1453 2305 1782 2388 acquievit

287 2405 459 2468 ctiam
507 2406 598 2471 cl.
637 2404 1003 2468 Pinlterton
1035 2400 1125 2487 b).
1188 2405 1529 2483 Mirabiles
1558 2405 1780 2490 conje-

283 2518 480 2572 cturas
536 2509 699 2571 alias
749 2507 835 2570 de
901 2505 1109 2568 verbo
1160 2504 1536 2585 ORIVNA,
1617 2528 1777 2592 quas

282 2606 509 2693 legisse
564 2610 950 2693 repudiasse
985 2624 1120 2687 est,
1174 2608 1379 2674 habes
1426 2609 1495 2670 iu
1537 2607 1780 2690 disser-

282 2711 513 2776 tatione
554 2712 865 2797 anonymi
900 2710 1272 2797 cujusdam,
1330 2711 1778 2796 digna'tamen

282 2809 517 2894 habits,
563 2836 731 2901 quae
774 2817 1190 2881 insereretur
1234 2818 1449 2881 Tomo
1475 2818 1619 2888 Vn.
1666 2823 1776 2883 des·

285 2916 481 3000 Saqqn'
514 2923 592 2982 di
622 2924 899 2985 Cortona
931 2941 995 3000 p.
1020 2929 1166 2987 239.

872 3148 1167 3208 Numi:
1262 3187 1287 3215 x

399 3327 652 3389 Numos
683 3326 879 3410 hujus
921 3328 1202 3413 Augusti
1238 3330 1617 3414 complures
1648 3331 1777 3415 jam

288 3421 428 3487 olim
499 3427 803 3512 vulgavit
858 3430 1267 3510 Bandurius,
1347 3434 1465 3499 sed
1544 3454 1776 3499 eorum

286 3543 614 3594 numerum
662 3532 830 3594 mire
883 3535 1061 3597 auxit
1112 3535 1427 3600 Taninius
1474 3536 1779 3602 collectis

286 3626 390 3708 iis,
446 3651 614 3718 quos
671 3648 824 3718 post
882 3635 1284 3700 Bandurium
1348 3638 1473 3702 viri
1534 3640 1782 3703 eruditi

281 3724 422 3794 luce
450 3733 715 3818 publica
758 3734 1115 3802 donavere.
1202 3743 1364 3810 Vtut
1406 3756 1624 3807 tamen
1670 3764 1781 3809 co·

284 3833 442 3912 piosi
484 3851 675 3913 sunt„
736 3838 804 3899 in
845 3843 1091 3905 nostris
1142 3843 1579 3931 terris‘vulgo
1628 3868 1778 3929 per-

285 3936 410 3999 rari
441 3938 793 4003 habentur.
878 3946 1066 4009 Haec
1112 3945 1252 4029 ejus
1302 3964 1565 4012 moneta
1613 3948 1779 4011 mul-

287 4047 380 4101 tos
428 4056 616 4106 nacta
671 4055 809 4122 est,
871 4045 985 4130 qui
1034 4047 1099 4111 ei
1140 4049 1568 4136 illustrandae
1622 4073 1780 4136 ope-

289 4156 417 4203 ram
445 4137 947 4228 impenderunt,
993 4169 1273 4233 quorum
1320 4145 1779 4219 commentarii

260 4238 347 4302 ,in
396 4248 602 4310 numis
649 4245 810 4334 ipsis
857 4247 1318 4322 laudabuntur.
1422 4257 1606 4321 Inter
1649 4258 1772 4322 hos

287 4338 591 4415 illustrior
630 4349 1126 4436 Genebrierus‚
1185 4358 1298 4444 qui
1357 4380 1521 4447 opus
1565 4359 1776 4426 edidit

289 4535 3385 4590 mma-.-

350 4670 409 4744 ι)
442 4669 588 4733 nist.
627 4672 833 4756 ὠτός.
872 4677 945 4737 Τ.
982 4671 1057 4739 11.
1092 4692 1398 4760 pagvffo.

291 4747 355 4829 d)
383 4757 513 4841 Peg.
545 4770 676 4833 275.

1597 4682 1670 4760 b)
1709 4686 1896 4770 Essay
1935 4687 2007 4749 ot·
2031 4687 2261 4751 Medals
2298 4688 2368 4750 Τ.
2407 4687 2454 4752 1.
2493 4706 2631 4769 pag·
2673 4689 2801 4756 166.

3304 495 3409 577 ΔΞ

1896 656 2316 743 inscriptum:
2361 659 2747 724 Histoireds
2768 661 3408 745 carausiumonvde

1889 785 2020 845 par
2052 766 2147 826 les
2164 764 2534 840 mames,
2579 768 2624 825 ὰ
2655 765 2849 827 Paris
2868 769 3034 827 1740
3055 767 3127 826 iu
3143 772 3237 842 4.,
3280 762 3404 827 sed

1901 863 2082 948 quod
2142 863 2373 930 videre
2448 860 2664 926 adhuc
2737 882 2868 927 non
2945 861 3156 929 licuit.
3213 868 3405 931 -Post

1897 965 2075 1039 hunc
2132 965 2278 1049 ejus
2343 956 2700 1031 humorum
2778 964 3150 1052 catalogum
3218 965 3406 1032 dedit

1898 1069 2306 1132 Wilhelmus
2369 1070 2685 1154 Stulteley
2744 1072 2837 1133 M.
2880 1071 2966 1137 D.
3026 1070 3098 1131 in
3153 1089 3400 1155 operet

1854 1158 1857 1161 ’
1906 1174 2034 1234 Tne
2060 1177 2365 1236 modam
2392 1175 2640 1256 history
2673 1177 2763 1256 of
2777 1178 2869 1239 Μ.
2884 1177 3194 1238 Aaron«.
3213 1176 3404 1237 rata

1896 1276 2036 1336 rius
2057 1277 2413 1338 Car-ansius
2443 1280 2757 1359 Emperor
2786 1280 2857 1339 in
2885 1277 3193 1340 Brittm’n.
3235 1279 3404 1338 Lon-

1895 1380 2026 1440 ἄση
2064 1387 2229 1440 1757
2278 1381 2351 1441 s'n
2389 1387 2535 1458 ato,
2571 1366 2716 1442 'sed
2747 1378 2931 1464 cujus
2978 1392 3234 1463 partem
3266 1390 3420 1443 taum

1888 1481 2033 1541 ium
2083 1480 2378 1565 priorem
2433 1480 2514 1544 ad
2563 1503 2794 1546 manus
2844 1481 3084 1549 haheo.
3196 1484 3271 1546 Iu
3316 1501 3404 1547 eo

1894 1581 2356 1664 pervolvendo
2416 1595 2666 1647 tantum
2727 1583 2808 1646 ad
2883 1606 3159 1665 numos,
3231 1603 3405 1671 quos

1896 1684 2163 1763 recitat,
2209 1685 2493 1749 animum
2525 1686 2816 1763 adverti,
2861 1686 3186 1773 neglectis
3226 1705 3404 1750 com·
3517 1700 3530 1709 ·

1896 1787 2267 1865 mentariis‚
2313 1790 2464 1883 qui,
2526 1790 2702 1875 quod
2744 1811 2782 1853 a
2833 1808 2979 1853 mea
3019 1810 3255 1852 numos
3290 1809 3404 1852 ex-

1893 1878 2475 1981 plicandiratioue
2518 1892 2716 1978 plane
2747 1892 3104 1971 dissident,
3145 1891 3402 1955 nullum

1896 1992 2059 2055 mihi
2107 2015 2294 2056 usum
2347 1994 2759 2078 praestitere.
2877 1994 3045 2090 Quis
3094 1994 3271 2059 enim
3328 1993 3403 2055 iu

1895 2114 1980 2158 eo
2022 2096 2341 2167 virenon
2389 2097 2702 2163 continuo
2746 2098 3157 2162 Harduinum
3199 2115 3400 2181 quen·

1896 2195 2044 2260 dam
2091 2198 2540 2263 Britannicum
2597 2215 2942 2285 agnoscat,
3014 2200 3128 2286 qui
3168 2198 3399 2262 literas

1894 2300 1964 2361 in
2008 2303 2300 2365 Carausii
2358 2305 2574 2368 numis
2628 2305 3020 2391 frequenter
3075 2300 3397 2365 inferiore

1891 2401 2046 2465 loco
2092 2404 2339 2488 positas
2385 2429 2444 2469 v.
2495 2429 2553 2469 c.
2603 2410 2779 2469 RSR
2822 2408 2919 2471 sic
2955 2407 3219 2489 explet:
3263 2405 3400 2493 liu·

1892 2508 2062 2585 'iupis‘
2109 2508 2421 2587 Siynator
2461 2507 2894 2591 Roqatomm,
2961 2507 3224 2572 addito:
3288 2509 3401 2569 St·-
3519 2560 3528 2569 ,

1887 2617 2128 2690 quator
2159 2618 2260 2671 est
2290 2612 2572 2687 smlptor
2598 2616 2911 2675 matricis.
2953 2616 3139 2707 Roqa
3163 2621 3261 2673 est
3286 2613 3397 2673 do·

1879 2714 2210 2787 nativum„
2242 2713 2673 2777 honorarium.
2762 2716 2881 2798 (At
2909 2715 3198 2777 nondum
3229 2725 3397 2775 tem-

1891 2833 2058 2898 pore
2094 2813 2384 2877 Carausii
2406 2859 2423 2891 ,
2469 2814 2587 2879 sed
2623 2837 2788 2884 aevo
2829 2815 3055 2882 infimo
3089 2831 3157 2882 et
3185 2816 3391 2893 luteo,

1887 2931 1956 2982 et
1986 2917 2253 3003 quidem
2278 2917 2345 2978 in
2383 2917 2606 3004 lingua
2626 2917 2878 2984 Graeca
2912 2934 2978 2985 et
3005 2922 3258 2986 Latina.
3303 2920 3388 2986 V.

1885 3021 2213 3106 Ducangii
2245 3036 2598 3106 utrumque
2638 3022 3101 3111 Glossarium.)
3180 3030 3393 3107 Roya-

1887 3136 1991 3188 tor
2024 3130 2194 3189 idem
2213 3128 2555 3209 siqm'ficat,
2592 3134 2769 3214 quod
2779 3141 3112 3211 eroqator,
3154 3139 3273 3192 etc.
3306 3126 3367 3208 e)
3396 3169 3407 3184 κ

1891 3228 1998 3292 Ex
2039 3227 2279 3290 horum
2324 3248 2491 3313 ergo
2525 3219 2794 3313 'scriptis
2850 3230 3249 3295 illustriores
3290 3246 3396 3291 re-

1891 3330 2331 3413 praesentabo
2387 3345 2599 3416 typos.
2697 3334 3003 3420 Longum
3066 3333 3239 3397 enim
3295 3331 3396 3395 fo-

1893 3446 2036 3510 ret,
2079 3446 2277 3516 atque
2303 3433 2599 3498 instituto
2638 3455 2790 3497 meo
2820 3455 3231 3521 repugnans,
3275 3437 3397 3499 eti·

1896 3558 1995 3600 am
2048 3534 2281 3599 obvios
2349 3555 2892 3601 commemorare.
2993 3543 3160 3604 Nam
3199 3550 3395 3600 testa·

1888 3654 2002 3702 -tur
2043 3639 2186 3724 ipse
2250 3640 2683 3722 Stulteleyus,
2743 3639 3099 3705 se'tabulis
3149 3639 3393 3707 xxxi.

1893 3764 2129 3806 numos
2168 3742 2459 3809 Carausii
2498 3744 2764 3809 omnino
2798 3744 3081 3823 CCCX.,
3142 3764 3393 3831 eosque

1893 3846 2193 3916 diversos
2268 3868 2534 3928 omnes,
2610 3848 2911 3914 intulisse
2957 3848 3048 3933 d).
3131 3851 3394 3913 Horum

1893 3971 2161 4023 aversae
2217 3973 2567 4016 numorum
2611 3952 2816 4037 magis
2865 3950 3122 4039 sapiunt
3156 3972 3393 4017 aevum

1890 4050 2363 4139 imperatorum
2398 4054 2937 4139 praecedentium
2964 4100 2983 4134 ‚
3030 4075 3218 4141 quam
3234 4055 3394 4120 Dio·

1894 4143 2325 4242 cle’tianeum‚
2396 4170 2466 4220 et
2538 4170 2688 4220 sunt
2767 4157 2960 4223 etiam
3024 4159 3142 4224 has
3214 4159 3392 4224 iuter

1890 4253 2146 4344 aliquae
2214 4259 2453 4326 novae.
2563 4260 2777 4345 Hujus
2873 4276 3092 4346 tamen
3167 4260 3395 4327 meriti

1853 4347 1867 4446 ἶ
1889 4381 2054 4446 opus
2089 4384 2438 4426 numerum
2471 4364 2692 4450 ipsum
2746 4384 2878 4448 nou
2925 4379 3058 4447 est,
3104 4368 3394 4453 plerum-

3024 4690 3084 4768 c)
3121 4691 3259 4773 Peg.
3295 4688 3390 4759 66·

2833 4874 2894 4937 1³·
2938 4892 2978 4938 s
