4388 5576
1177 569 1275 649 46

1188 753 1308 798 nes
1335 730 1436 794 his
1456 721 1916 793 Sasanidarum
1944 726 2156 789 numis
2180 726 2457 793 insertas
2482 727 2687 813 expli-

1194 847 1416 914 caret3
1460 833 1747 916 reliquas
1793 849 2020 893 eorum
2066 852 2289 895 causas
2321 830 2682 915 modosque

1199 938 1349 1003 fere
1393 932 1709 1019 neglexit.
1771 929 1879 994 Ad
1923 952 2032 995 eas
2077 932 2472 997 evolvendas
2527 954 2683 994 usus

1196 1051 1298 1105 cst
1328 1033 1860 1119 inscriptionibus
1890 1032 2058 1109 illis,
2120 1055 2284 1119 quae
2322 1047 2575 1097 exstant
2616 1033 2685 1094 in

1192 1137 1901 1212 Raksclzt-Roustam,
1975 1135 2126 1199 loco
2169 1124 2401 1220 parum
2454 1133 2692 1197 distan-

1190 1256 1262 1307 te
1299 1264 1338 1303 a
1382 1238 1976 1316 Tchelzel-minar,
2050 1238 2179 1300 ubi'
2217 1237 2548 1319 hodieque
2596 1238 2692 1297 in·

1194 1357 1304 1411 ter
1348 1341 1594 1423 amplas
1652 1337 1873 1401 ruinas
1950 1341 2292 1404 columnae
2348 1340 2490 1403 XL.
2542 1359 2691 1402 cum

1196 1441 1625 1511 admiratione
1666 1440 2175 1524 conspiciuntur,
2224 1461 2413 1524 quae,
2451 1453 2523 1502 ut
2550 1440 2695 1506 vul-

1202 1568 1288 1632 go
1318 1543 1646 1618 creditur,
1699 1542 1889 1603 fue're
1916 1563 2065 1625 pars
2098 1542 2342 1604 veteris
2370 1543 2695 1623 Persepo-

1196 1649 1315 1724 lis,
1364 1664 1598 1727 regum
1628 1642 1976 1706 Persarum
2012 1641 2223 1719 sedis,
2275 1662 2546 1727 quarum
2580 1661 2700 1705 no-

1196 1749 1302 1812 bis
1343 1745 1852 1829 descriptionem
1909 1744 2159 1808 dedere
2209 1757 2308 1806 tot
2343 1743 2479 1807 viri
2521 1742 2699 1806 cele-

1195 1846 1476 1912 berrimi
1507 1843 1835 1925 duroman,
1881 1868 2044 1932 quos
2078 1845 2257 1908 idem
2301 1865 2448 1929 pag:
2478 1867 2530 1910 ι.
2559 1844 2697 1908 col·

1202 1954 1414 2014 lectos
1446 1946 1633 2009 sistit.

1328 2054 1476 2113 Hoc
1530 2050 1731 2134 igitur
1768 2050 1882 2111 ille
1913 2049 2104 2110 nixus
2136 2046 2559 2110 fundamento
2600 2044 2694 2106 in-

1204 2154 1597 2241 scriptiones
1644 2150 1743 2211 his
1788 2150 2002 2212 numis
2042 2153 2321 2213 insertas
2370 2133 2696 2229 interpre-

1204 2256 1332 2320 tari
1369 2251 1770 2338 aggreditur,
1804 2266 1872 2314 et
1901 2253 1994 2315 sic
2021 2251 2254 2316 harum
2278 2272 2493 2327 unam,
2525 2269 2688 2333 quae

1205 2370 1417 2422 exstat
1441 2356 1507 2415 in
1531 2374 1749 2431 num0‚
1786 2373 1979 2439 quem
2014 2375 2158 2416 esse
2189 2353 2453 2437 Saporis
2486 2352 2697 2434 cujus-

1204 2459 1391 2543 piam
1428 2457 1758 2532 adfirmat,
1818 2455 1920 2517 his
1966 2455 2186 2520 verbis
2235 2454 2487 2517 Gallice
2546 2452 2699 2515 red-

1200 2560 1330 2624 dit:
1387 2561 1835 2625 L'adorateur
1874 2559 2269 2635 d’Ormusd,
2314 2557 2702 2620 l'excellent

1203 2664 1451 2746 Sapor,
1521 2665 1627 2723 roi
1670 2663 1786 2722 des
1837 2662 1977 2722 rois
2020 2661 2100 2719 de
2155 2659 2409 2735 l’Iran,
2479 2679 2703 2740 germe

1204 2760 1462 2829 caestu
1495 2764 1614 2843 (ou
1670 2782 1744 2823 ce
1799 2765 1915 2839 qui
1957 2771 2067 2847 est,
2108 2760 2179 2821 la
2224 2767 2430 2822 meme
2473 2760 2698 2843 chose)

1204 2869 1287 2928 de
1312 2867 1382 2927 la
1413 2887 1564 2925 racc
1599 2861 1840 2923 cdloste
1868 2863 1983 2921 des
2016 2849 2259 2921 dleux:
2290 2874 2359 2922 et
2386 2861 2514 2924 hoc
2554 2851 2703 2943 pac-

1207 2980 1279 3028 to
1333 2964 1608 3028 aliorum
1655 2958 1846 3041 hujus
1895 2959 2117 3022 classis
2161 2981 2506 3024 numorum
2565 2960 2702 3044 epi·

1208 3066 1504 3151 graphen
1567 3063 1933 3146 explicare,
2013 3073 2080 3121 et
2134 3059 2450 3144 judicium
2510 3084 2696 3126 suum

1211 3189 1496 3255 operose
1531 3164 1887 3228 rationibus
1928 3162 2221 3226 stabilire
2258 3163 2497 3247 pergit.

1336 3268 1661 3352 Equidem
1712 3265 1942 3339 video,
1994 3265 2077 3328 cl.
2109 3275 2444 3328 auctorem
2477 3266 2558 3329 ad
2600 3287 2698 3343 ea,

1210 3371 1377 3457 quae
1437 3369 1824 3451 scripserat,
1902 3387 2049 3429 cum
2108 3369 2363 3430 ratione
2418 3381 2698 3453 apteque

1204 3458 1677 3546 confirmanda,
1728 3492 1862 3531 non
1900 3468 2096 3531 modo
2144 3470 2545 3557 praeclaram
2584 3469 2703 3529 lin·

1206 3595 1480 3661 guarum
1544 3571 1958 3634 orientalium
2026 3571 2509 3654 cognitionem,
2587 3568 2706 3632 sed

1211 3678 1513 3741 laborem
1548 3665 1806 3758 quoque
1843 3672 2268 3762 indefessum,
2306 3672 2712 3754 patientiam-

1216 3799 1346 3864 que
1403 3777 1716 3840 attulisse.
1774 3775 2208 3864 Verumrnon
2260 3795 2388 3857 ego
2444 3776 2498 3837 is
2533 3797 2707 3860 sum,

1218 3879 1333 3965 qui
1395 3880 1534 3961 ejus
1586 3877 1819 3940 dictata
1882 3875 1991 3938 vel
2036 3875 2420 3959 impugnare
2467 3879 2708 3955 ausim,

1215 3980 1329 4044 vel
1385 3976 1784 4060 adprobare,
1830 3998 2017 4061 quam
2062 3977 2397 4061 suscipere
2448 3973 2715 4062 provin-

1218 4081 1385 4144 ciam
1422 4100 1551 4142 non
1586 4091 1836 4163 potest,
1873 4078 2000 4139 nisi
2036 4077 2146 4159 qui
2175 4081 2512 4161 pertinace
2548 4082 2715 4143 mul-

1217 4196 1435 4246 torum
1487 4201 1829 4244 annorum·
1866 4178 2079 4242 studio
2130 4179 2212 4244 ad
2255 4182 2713 4265 cognoscenda

1214 4285 1480 4368 linguae
1553 4282 1861 4344 Persicae
1926 4282 2197 4368 ejusque
2260 4286 2710 4348 characterum

1217 4387 1522 4472 mysteria
1567 4382 1891 4458 incubuit,
1946 4405 2069 4469 qua
2110 4385 2177 4447 in
2222 4384 2564 4469 disciplina
2602 4408 2708 4449 me

1216 4490 1410 4575 plane
1451 4506 1594 4549 esse
1640 4484 1871 4546 rudem
1905 4505 1978 4548 ac
2019 4487 2366 4569 hospitem,
2404 4487 2712 4552 lubenter

1215 4590 1559 4675 profiteor.

1216 4691 1491 4754 multum
1540 4689 1929 4772 potuissent,
1986 4688 2041 4749 si
2077 4687 2393 4784 adhibere
2429 4691 2506 4753 ad
2546 4692 2713 4776 judi·

1220 4793 1391 4857 cium
1444 4789 1762 4877 potuisset
1808 4812 2040 4854 numos
2094 4790 2288 4873 hujus
2337 4791 2560 4856 classis
2601 4795 2712 4857 tri-

1650 4587 1862 4651 Iuvari
1931 4587 2056 4652 viri
2131 4587 2372 4651 eruditi
2441 4605 2751 4655 conatus

2312 552 3117 646 ‘ADDENDA

2801 727 2977 814 ginta
3035 725 3235 802 duos,
3315 745 3481 811 quos
3539 746 3811 789 museum
3858 728 4123 793 Caesareum

2800 831 3110 894 continet.

2927 929 3120 1025 Quod
3184 929 3268 994 ad
3329 944 3517 1015 typos
3578 932 3818 1010 attinet,
3865 932 3954 996 vix
3995 931 4126 995 habeo

2804 1033 2979 1120 quod
3021 1033 3253 1098 addam
3295 1032 3377 1094 ad
3422 1052 3532 1110 ea,
3588 1054 3744 1118 quae
3782 1034 3891 1097 hoc
3923 1036 4033 1098 loeo
4058 1035 4129 1115 jan

2805 1136 3165 1220 generatim
3225 1135 3569 1219 praecepi,
3632 1135 3782 1211 etsi,
3832 1135 3924 1219 qui
3954 1149 4129 1197 tractare

2804 1237 2973 1301 hauc
3012 1251 3268 1322 partem
3307 1235 3591 1299 curatius
3632 1237 3851 1314 vellet,
3893 1238 4051 1298 laxum
4075 1236 4135 1297 ha-

2803 1338 2998 1402 beret
3054 1337 3137 1400 ad
3199 1338 3611 1421 conjecturas
3665 1360 3929 1422 campum
3971 1350 4136 1421 propter

2804 1439 3123 1503 infinitam
3156 1439 3535 1505 varietatem
3570 1439 3636 1501 in
3668 1442 3833 1503 cultu
3858 1439 4135 1523 capitumet

2806 1542 3214 1623 adjectorum
3249 1540 3553 1626 utrinque
3587 1543 3923 1624 signorum,
3949 1539 4035 1601 sed
4053 1560 4140 1623 quae

2812 1643 3027 1706 omnia
3059 1644 3203 1706 solo
3239 1654 3501 1724 aspectu
3534 1655 3799 1725 possunt
3826 1642 4042 1725 percipi,
4065 1659 4141 1703 ver·

2808 1745 2912 1806 bis
2973 1743 3289 1827 explicari
3343 1763 3471 1804 non
3522 1758 3810 1827 possunt.
3875 1745 4062 1804 Horum
4088 1742 4143 1802 vix

2808 1846 3053 1930 aliquid
3100 1844 3414 1908 delibavit
3456 1846 3722 1927 Sacyus.
3780 1847 3871 1907 De
3910 1845 4032 1904 binis
4059 1843 4142 1903 vin's

2811 1967 2960 2011 arae
2995 1945 3421 2022 adstantibus,
3458 1947 3635 2010 haud
3664 1947 3848 2009 dubie
3878 1943 4145 2008 custodiendi

2810 2050 2978 2112 sacri
3005 2049 3171 2132 ignis
3207 2069 3415 2123 causa,
3447 2048 3552 2124 ait,
3604 2052 3776 2131 (pag.
3801 2050 3944 2129 uoq.)
3969 2063 4144 2127 eospro·

2808 2165 3038 2236 pterea
3091 2151 3257 2212 facie
3310 2147 3391 2210 ab
3435 2148 3587 2232 igne
3642 2171 3858 2214 aversa
3892 2150 4145 2232 plerumque

2806 2252 3118 2337 proponi,
3164 2272 3248 2313 ne
3278 2250 3332 2312 is
3361 2249 3568 2313 halitu
3605 2251 3971 2335 profanetur.
4002 2253 4145 2311 Tamen

2809 2353 2894 2417 de
2936 2354 3145 2436 capite
3177 2352 3461 2421 humano
3498 2352 3642 2435 igni
3677 2353 3980 2435 imposito,
4015 2366 4061 2413 et
4088 2369 4147 2410 cu

2809 2470 2949 2519 tum
3005 2468 3283 2539 uterque
3336 2467 3552 2516 custos
3603 2452 3770 2516 facie
3814 2453 3888 2516 sit
3928 2452 3991 2516 ad
4025 2453 4148 2534 ignem

2813 2578 3167 2632 conversa,
3210 2555 3455 2617 nuilam
3496 2554 3662 2618 fecit
3705 2557 4052 2619 mentionem.
4086 2551 4151 2629 Ap·

2815 2673 3032 2744 paret,
3089 2677 3321 2719 numos
3367 2677 3516 2719 cum
3561 2657 3694 2719 hoc
3741 2668 4028 2740 typo'esse
4049 2648 4150 2715 valde

2815 2781 3039 2838 raros,
3074 2781 3217 2823 nam
3259 2778 3488 2821 eorum
3524 2759 3783 2821 nullum
3818 2758 3878 2819 in
3902 2750 4152 2821 aeneissuis

2814 2863 3050 2926 tabulis
3088 2862 3382 2943 protulit.
3426 2863 3687 2923 Eorum
3724 2862 3902 2922 binos
3932 2855 4064 2920 dedit
4080 2850 4158 2914 Pet

2814 2965 3118 3041 lerinius‚
3169 2964 3376 3026 fassus
3417 2977 3671 3041 tamen,
3730 2960 4028 3046 singularis
4055 2955 4157 3032 huju

2811 3066 2950 3150 typi
2995 3069 3082 3128 se‘
3109 3086 3365 3129 causam
3413 3065 3749 3148 ignorare.
3803 3054 4160 3147 (Supplenm

2814 3191 2877 3253 p.
2904 3168 3039 3249 37.)
3095 3167 3259 3230 Cum
3302 3169 3427 3230 hoc
3464 3181 3855 3250 argumento
3893 3167 4069 3228 decem
4093 3176 4160 3218 οῦ·

2815 3270 2972 3333 nino
3005 3263 3253 3331 sunt'in
3284 3289 3512 3331 museo
3544 3272 3889 3334 Caesareo.

2949 3373 3073 3433 Est
3109 3370 3176 3430 in
3220 3371 3457 3434 eodem
3492 3394 3735 3436 numus
3774 3358 4161 3456 perelegans‚in

2822 3471 3005 3557 cujus
3034 3472 3307 3536 adversa
3341 3487 3440 3536 est
3476 3490 3787 3556 protome
3823 3472 4061 3542 adversa,
4081 3461 4166 3525 facie

2824 3574 3018 3636 senili
3047 3588 3118 3637 et
3148 3575 3441 3654 barbata,
3494 3577 3559 3637 in
3602 3598 3835 3641 aversa
3868 3584 4095 3657 protome
4116 3559 4166 3622 ad·

2824 3697 3049 3752 versa,
3097 3675 3268 3764 facie
3306 3677 3581 3761 juvenili
3617 3693 3687 3740 et
3723 3674 4007 3747 imberbi,
4044 3667 4170 3731 sed&

2826 3778 3070 3861 capite,
3109 3791 3219 3842 aut
3248 3800 3422 3862 pone
3456 3794 3653 3863 caput
3687 3780 3969 3842 flammae
3997 3774 4048 3835 in
4069 3768 4172 3831 ,ltus

2827 3881 3129 3945 emicant.
3175 3881 3320 3943 Non
3354 3880 3602 3957 dubito,
3637 3895 3918 3964 utroque
3942 3878 4041 3938 hoc
4063 3867 4172 3950 cziiff

2828 3982 3110 4065 proponi
3169 3998 3421 4067 patrem
3483 3998 3550 4046 et
3609 3982 3857 4072 filium,
3914 3992 4119 4060 cumque
4146 3966 4177 4024 ’ὓ

2827 4084 3013 4146 nullo
3051 4084 3261 4149 adhuc
3301 4079 3763 4150 Sasanidarum
3800 4103 3984 4144 numo
4012 4081 4060 4140 in
4085 4082 4178 4156 pffl‘

2825 4206 3052 4251 aversa
3086 4187 3572 4251 observaverim
3604 4188 3813 4251 alium
3841 4200 4062 4269 typum,
4084 4187 4182 4260 qm*

2828 4308 2978 4351 arae
3031 4287 3305 4371 ignitae,
3377 4287 3616 4366 credo,
3696 4289 4047 4353 adstitutum
4093 4291 4181 4359 pol*

2826 4387 3080 4471 ignem,
3110 4411 3194 4452 ne
3232 4411 3413 4454 sacra
3443 4388 3606 4453 haec
3634 4387 3977 4476 religionis
3997 4380 4184 4447 Pet-sict²

2826 4490 3041 4574 imago
3069 4512 3152 4554 ex
3177 4512 3374 4554 numo
3404 4493 3598 4577 plane
3628 4493 3965 4556 exturbata
3988 4485 4182 4551 vidam·

2953 4592 3227 4655 Nonnisi
3265 4593 3493 4657 unicus
3521 4586 3734 4678 'hujus
3783 4591 4028 4680 generis
4060 4597 4190 4647 nunes

2829 4716 2911 4759 ex
2949 4716 3109 4758 auro
3148 4716 3352 4778 usque
3389 4696 3584 4758 modo
3611 4711 3714 4759 est
3747 4697 4055 4778 cognitus,
4085 4699 4188 4765 ³¹⁶³st

2825 4798 2881 4863 is
2911 4817 2994 4860 ex
3023 4817 3250 4860 museo
3279 4798 3639 4863 Pellerinii.
3674 4799 3758 4881 (l.
3777 4820 3839 4864 c.
3864 4799 4009 4861 Tab.
4028 4795 4089 4854 11.
4109 4809 4195 4856 ιω
