4388 5576
1151 549 1244 620 w
2307 522 3078 601 ADDENDA

1159 702 1501 776 discimus,
1548 698 1742 761 etiam
1786 715 1983 781 reges
2025 695 2327 779 Tigranis
2360 699 2452 758 M.
2501 715 2645 759 suc-

1163 824 1495 880 cessores,
1553 820 1936 886 quamquam
1987 798 2319 861 imminuta
2372 801 2644 862 multum

1163 904 1490 993 potentia,
1534 922 1679 966 sese
1712 921 1900 983 reges
1933 919 2160 981 regum
2197 901 2515 983 appellari
2549 920 2661 966 vo-

1164 1009 1389 1073 luisse.
1648 1001 1653 1008 “
1792 1014 1797 1019 ’

1279 1107 1575 1191 Reginae
1593 1106 1829 1166 Eratus
1857 1100 2119 1164 nomine
2146 1102 2439 1166 meminit
2462 1103 2657 1166 etiam

1170 1211 1305 1274 Dio
1349 1210 1418 1269 in
1459 1205 1699 1268 illustri
1741 1204 2147 1288 fragmento,
2218 1205 2394 1288 quod
2446 1205 2515 1267 in
2569 1205 2663 1266 bi-

1169 1309 1503 1375 bliotheca
1533 1309 1788 1376 Veneta
1819 1306 2071 1389 reperit
2099 1320 2504 1387 μυσικοτατος
2534 1310 2658 1369 Iac.

1170 1410 1552 1497 Morellius,
1599 1406 1930 1491 ediditque
1962 1405 2231 1469 Bassani
2259 1428 2434 1477 ,anno
2479 1409 2662 1490 17q8.

1170 1519 1265 1591 Is,
1309 1513 1461 1575 dum
1496 1531 1607 1586 res
1641 1532 1680 1573 a
1716 1509 1871 1572 caio
1905 1509 2093 1575 Caes.
2128 1509 2406 1593 Augusti
2437 1510 2517 1575 F.
2556 1530 2666 1572 an-

1169 1615 1273 1678 nis
1314 1614 1397 1680 U.
1432 1614 1506 1678 C.
1542 1612 1672 1691 754
1711 1622 1781 1673 et
1822 1611 1947 1692 755
1996 1612 2066 1671 in
2116 1610 2395 1674 Oriente
2449 1624 2663 1695 gestas

1174 1713 1616 1802 persequitur,
1645 1723 1865 1774 narrat
1900 1710 2129 1772 etiam:
2171 1708 2227 1772 5.
2261 1707 2356 1772 Tc
2381 1737 2497 1796 μην
2534 1715 2668 1793 Αρ-

1178 1840 1404 1902 lismoi,
1438 1839 1536 1875 και
1569 1835 1680 1894 περ
1716 1833 1875 1889 τετε
1896 1810 2181 1896 Τιεγρανε
2218 1808 2277 1874 ἐκ
2310 1819 2543 1897 πολεμυ
2575 1834 2667 1875 τι-

1178 1941 1273 1993 νος
1324 1922 1637 2005 βαρβᾳςικυ
1683 1916 2051 1995 φὲαςεντος,
2106 1937 2208 1972 και
2263 1938 2377 1990 της
2423 1915 2668 1994 Egon-sc

1175 2043 1284 2096 την
1333 2017 1525 2102 ἁρχην
1571 2015 1861 2095 ἆφεισης,
1916 2013 2077 2095 ὅμως
2122 2010 2332 2091 ἐπειδη
2378 2014 2670 2095 Αριοβαρ-

1186 2122 1348 2203 {ause
1377 2111 1760 2199 τινιΜηδῳ,
1794 2114 1862 2189 ἇς
1886 2136 2032 2176 ποτε
2062 2139 2222 2198 μετα
2248 2111 2667 2196 τκΤειριδατυ

1072 2217 1079 2223 ’
1175 2245 1325 2302 προς
1348 2245 1456 2295 τες
1484 2217 1753 2299 Papiae&
1785 2214 2032 2296 ἅφικτο,
2063 2209 2459 2298 παρεδιδοντο
2478 2264 2499 2296 ,
2531 2216 2670 2278 ἕπο-

1185 2326 1460 2404 λεμησαν
1488 2330 1667 2396 σφισι
1708 2342 1795 2398 τῳ
1829 2314 2010 2398 ἕτεςῳ
2036 2315 2183 2394 ἔτει,
2222 2316 2282 2384 ἐν
2311 2317 2358 2401 ᾧ
2390 2315 2672 2392 Πυπλιος

1189 2445 1262 2483 τε
1285 2421 1583 2495 Ου’ἱνικιος
1607 2442 1705 2479 και
1735 2413 2023 2493 Πυπλιος
2048 2418 2286 2500 Οραρος
2313 2412 2669 2484 ὑπάτευσαν.

1180 2525 1296 2609 ,At
1330 2544 1484 2586 vero
1526 2523 1873 2598 Armenii,
1926 2523 2060 2585 etsi
2103 2521 2419 2604 Tigranes
2446 2525 2518 2584 in
2549 2522 2678 2583 bel-

1180 2625 1247 2689 lo
1282 2627 1589 2708 quopiam
1624 2644 1775 2687 cum
1818 2623 2124 2684 barbaris
2154 2635 2346 2703 gesto
2385 2626 2683 2686 interiis-

1182 2739 1322 2803 set,
1380 2735 1448 2787 et
1499 2725 1710 2785 Erato
1768 2741 1967 2804 regno
2020 2726 2362 2801 cessisset,
2424 2736 2679 2804 tamen,

1177 2815 1616 2910 posteaquam
1658 2826 2113 2886 Ariobarzani
2150 2827 2417 2887 cuidam
2455 2827 2679 2902 Medo,

1188 2928 1308 3007 qui
1335 2927 1497 2987 olim
1530 2945 1679 2985 oum
1721 2923 2021 2985 Tiridate
2049 2925 2327 2986 Romam
2355 2929 2679 3006 pervenit,

1190 3027 1437 3090 traditi
1463 3037 1653 3103 sunt,
1692 3025 1937 3087 bellum
1976 3023 2123 3086 illis
2159 3027 2540 3088 intulerunt
2566 3048 2682 3089 aa·

1134 3135 1141 3142 ⁴
1186 3148 1274 3190 no
1318 3138 1661 3206 sequente,
1714 3145 1841 3207 quo
1883 3126 2184 3188 consules
2219 3141 2681 3206 processerunt

1184 3228 1265 3292 P.
1301 3231 1646 3303 Vinicius,
1684 3239 1753 3288 et
1789 3225 1869 3292 Ρ.
1904 3229 2143 3290 Varus.
2186 3228 2290 3289 En
2325 3228 2441 3290 tibi
2475 3241 2541 3290 et
2571 3229 2681 3289 'ri-

1191 3350 1462 3413 granem
1497 3343 1577 3392 et.
1598 3331 1800 3390 Erato
1835 3327 2113 3410 perinde
2149 3329 2446 3414 atque-in
2481 3351 2679 3393 numo

1188 3445 1535 3514 praesente
1566 3431 1963 3513 conjunctos.

1314 3534 1566 3600 Verum
1610 3532 1864 3594 collatis
1903 3530 2108 3593 Taciti
2153 3541 2221 3591 et
2259 3530 2494 3593 Dionis
2537 3553 2702 3595 νοτ--

1190 3636 1292 3698 his
1340 3655 1614 3697 necesse
1670 3647 1797 3708 est,
1854 3631 2035 3694 binas
2087 3630 2286 3694 fuisse
2336 3634 2687 3698 Armeniae

1189 3737 1453 3820 reginas
1485 3733 1746 3797 nomine
1773 3735 2029 3809 Eratus,
2062 3753 2277 3812 unam,
2309 3755 2470 3818 quae
2496 3737 2689 3800 Ario-

1190 3839 1542 3901 barzanem
1593 3836 1985 3918 praecessit,
2046 3835 2234 3897 aliam
2294 3857 2457 3918 quae
2512 3837 2687 3901 hunc

1195 3953 1418 4003 secuta
1481 3953 1613 4013 est,
1678 3937 1804 3997 nisi
1862 3938 2131 3999 alteram
2188 3936 2353 3999 hanc
2411 3939 2688 4002 cessisse

1192 4040 1515 4123 primum,
1563 4051 1789 4122 postea
1831 4050 2200 4099 revocatam
2247 4039 2522 4102 velimus
2569 4055 2693 4104 sta·

1194 4157 1417 4224 tuere,
1451 4141 1569 4203 sed
1604 4161 1792 4224 quam
1830 4159 1955 4221 ego
1991 4139 2473 4232 difficultatem,
2505 4164 2693 4225 prae-

1196 4244 1387 4326 cipue
1431 4243 1498 4303 in
1538 4243 1639 4304 his
1674 4264 1897 4305 rerum
1934 4241 2200 4305 incertis
2243 4241 2542 4307 intactam
2587 4266 2695 4307 re-

1196 4347 1459 4431 linquo,
1492 4358 1836 4408 contentus
1873 4345 2228 4422 indicasse,
2269 4345 2449 4406 numi
2483 4348 2693 4408 nostri

1197 4450 1401 4510 Erato
1448 4469 1590 4511 esse
1646 4467 1789 4510 eam
1838 4448 2079 4530 ipsam,
2138 4467 2303 4532 quae
2358 4446 2476 4508 illo
2520 4459 2690 4509 teste

1195 4550 1319 4612 suit
1356 4550 1655 4633 Tigranis
1701 4569 1930 4626 soror,
1974 4564 2040 4612 et
2080 4571 2160 4613 ex
2200 4562 2419 4611 mente
2457 4550 2689 4612 Dionis

1198 4673 1325 4713 una
1372 4672 1519 4714 cum
1566 4652 1851 4734 Tigrane
1899 4666 2007 4715 aut
2050 4652 2385 4737 regnavit,
2429 4665 2536 4716 aut
2589 4650 2685 4713 illi

1197 4753 1501 4838 proxime
1541 4753 1872 4816 successit.

2885 697 3197 760 Ceterum
3231 693 3467 759 mirum
3496 696 3830 761 mulierem
3855 698 4133 761 Armeniam

2763 798 2886 860 sibi
2924 799 3249 862 Graecum
3281 801 3518 863 Eratus
3559 819 3793 863 nomen
3826 800 4132 882 imposuisse,

2773 921 2907 963 non
2937 901 3294 964 amantibus
3326 903 3436 966 vel
3471 901 3536 962 in
3573 900 3714 985 ipso
3758 901 3985 964 nomine
4013 921 4139 982 pere-

2776 1001 3148 1085 grinitatem
3194 1003 3556 1080 Armeniis,
3630 1002 3801 1087 quod
3848 1022 3961 1065 non
4002 1002 4137 1063 multo

2773 1118 2924 1187 post
2973 1106 3206 1186 patuit,
3282 1126 3431 1169 cum
3486 1108 3818 1168 Zenonem
3864 1104 4140 1168 Polemonis

2773 1205 3033 1269 Pontici
3063 1204 3304 1284 filium,
3350 1227 3546 1291 quem
3574 1205 3701 1288 ipsi
3732 1204 3847 1267 sibi
3871 1225 4053 1289 regem
4075 1223 4142 1265 ex·

2775 1308 3132 1393 petierant,
3186 1310 3565 1371 Artaxiam
3609 1308 4006 1392 appellavere.
4047 1306 4146 1386 (Τι-

2779 1413 2886 1476 cit.
2924 1410 3093 1470 Ann.
3121 1411 3203 1473 11.
3239 1407 3377 1490 56.)
3823 1466 3826 1471 .

2908 1513 3121 1574 Nemo
3179 1531 3314 1574 uon
3371 1507 3589 1586 videt,
3659 1530 3910 1571 numum
3960 1510 4147 1572 alterum

2777 1612 3259 1676 Hunterianum
3299 1611 3382 1675 ad
3418 1610 3704 1676 eundem
3737 1612 4147 1696 Tigranemper·

2779 1714 3014 1777 tinere.
3045 1714 3260 1775 Unum
3286 1714 3640 1777 discrimen
3668 1712 3896 1775 faciunt
3917 1710 4151 1790 titulipnr·

2780 1816 2864 1878 tis
2900 1813 3180 1892 anticae,
3227 1813 3339 1876 sed
3378 1812 3708 1877 arbitrarii
3740 1832 3910 1887 sane,
3944 1810 4155 1872 nimirum

2780 1910 3261 1978 BAciAeTc.
3279 1908 3605 1977 MerAc
3634 1934 3757 1997 pro
3785 1907 4152 1975 BACIAGTC.

2781 2011 3299 2079 BACIAGssN.
3341 2013 3623 2076 Additur
3657 2011 3930 2092 ΝΕΟΟ,
3973 2032 4061 2074 seu
4085 2030 4154 2071 no·

2783 2138 2936 2180 vum
2980 2114 3152 2177 istud
3197 2128 3460 2180 vertere
3502 2117 3710 2193 velis,
3777 2136 3888 2181 seu
3928 2116 4155 2195 juniorem

2782 2238 3020 2301 nempe
3057 2229 3363 2299 respectu
3397 2217 3706 2300 Tigranis
3735 2221 3784 2280 1.

3135 2399 3214 2467 P.
3240 2418 3384 2467 221.
3420 2402 3546 2466 ool.
3578 2424 3635 2467 1.
3674 2397 3913 2491 li433.

2923 2520 3242 2585 Sestinius
3283 2542 3549 2582 numum
3593 2522 3791 2606 hujus
3822 2515 4074 2581 Antiochi
4095 2514 4159 2573 ΠΙ.

2794 2641 2944 2685 cum
3009 2643 3178 2686 anno
3230 2620 3372 2688 ΑΡ.
3441 2622 3594 2685 citat
3682 2624 3967 2706 (Lettere
4023 2621 4079 2678 Τ.
4095 2614 4161 2677 Π.

2796 2746 2858 2807 p.
2881 2725 2977 2806 7.)
3027 2746 3154 2809 quo
3199 2724 3488 2788 anterior
3529 2723 3701 2790 alius
3747 2723 3943 2819 adhuc
3983 2733 4162 2799 conspe·

2798 2840 2939 2890 ctus
2976 2848 3108 2890 non
3151 2840 3270 2890 est.
3379 2875 3384 2878 -

2794 3009 2873 3075 Ρ.
2890 3009 3033 3085 234.
3055 3012 3180 3075 col.
3204 3033 3256 3072 ι.
3278 3013 3399 3076 lin.
3416 3020 3520 3088 24.
3540 3022 3703 3093 post
3723 3009 3887 3073 AE.
3907 3005 4013 3070 III.
4029 3002 4168 3064 adde:

2799 3180 2808 3188 .
2923 3129 3250 3209 Similem,
3302 3130 3423 3193 sed
3451 3135 3552 3197 IR.
3587 3131 3642 3198 1.
3685 3128 3854 3193 sistit
3885 3115 4167 3190 Pembrock

2792 3232 2868 3298 P.
2900 3233 2979 3297 ΙΙ.
3018 3232 3146 3298 tab.
3177 3231 3277 3295 62.

3036 3414 3116 3481 P.
3137 3413 3282 3491 234.
3314 3415 3438 3479 col.
3462 3431 3523 3480 2.
3561 3416 3636 3477 in
3657 3413 3812 3500 fine
3847 3413 4023 3477 addc.-

2938 3534 3153 3615 Caput
3196 3540 3375 3616 regis
3412 3538 3891 3598 diadematum.
3943 3527 3985 3590 ἶ
4017 3514 4181 3587 Bm·

2799 3630 3103 3697 ΛΕΩΣ.
3171 3629 3759 3698 ΤΡΤΦΩΝΟΣ.
3818 3622 4182 3696 ΑΤΤΟΚΡΑ·

2802 3732 3147 3799 ΤΟΡΟΣ.
3194 3737 3458 3815 Aquila
3485 3738 3792 3819 fulmini
3832 3737 4121 3799 insistens,
4147 3725 4186 3781 5⁸

2806 3858 2965 3899 area
2983 3838 3063 3901 L.
3087 3835 3165 3901 Δ.
3200 3850 3268 3901 et
3301 3856 3828 3921 monogramma.
3870 3839 3960 3895 ΖΒ.
3998 3833 4037 3891 1.
4070 3828 4184 3907 (San-

2804 3937 3190 4001 clementius
3231 3938 3313 4001 de
3347 3939 3600 4022 vulgari
3635 3958 3813 4000 aera.
3849 3957 3913 4019 p.
3927 3923 4080 4010 aba.)

2932 4040 3278 4102 Cimelium
3322 4041 3494 4103 istud
3532 4060 3706 4103 nunc
3750 4039 3961 4124 primo
3998 4023 4189 4118 prom1¹

2807 4155 3023 4226 gutum
3089 4143 3284 4205 ctiam
3345 4157 3700 4226 propterea
3752 4143 4032 4213 illustre,
4086 4121 4193 4214 ‘1¹¹⁰d

2807 4264 3010 4305 annos
3043 4243 3235 4327 regni
3270 4244 3466 4323 sistit,
3504 4264 3668 4329 quae
3704 4239 4027 4328 peristasis
4057 4237 4107 4296 in
4128 4250 4194 4291 nu·

2806 4346 2928 4407 mis
2954 4365 3186 4430 regum
3213 4346 3436 4430 Syriae
3465 4346 3816 4413 observata
3837 4341 4094 4408 nondum
4113 4333 4195 4395 snii-

3148 4530 3227 4599 P.
3257 4533 3402 4599 258.
3440 4533 3566 4595 col.
3594 4550 3654 4592 2.
3691 4530 3817 4593 lin.
3853 4550 3947 4594 ιο.

2925 4652 3073 4712 Non
3135 4649 3685 4735 praetereundum
3757 4651 3893 4713 hoc
3949 4649 4079 4711 loco
4122 4634 4203 4717 epi·

2804 4774 3090 4838 gramma
3140 4754 3394 4817 illustre
3440 4752 3825 4836 inscriptum
3875 4751 4204 4815 monument>
