4388 5576
1066 558 1220 632 AD
1294 559 1869 637 VOLVMEN
1945 565 2498 640 TERTIVM.

245 746 444 810 genus
494 723 573 789 ab
611 725 912 801 Artaxia,
959 726 1067 810 qui
1108 727 1353 791 defecit
1382 730 1462 794 ab
1501 732 1727 794 Antio-

243 830 364 892 cho
400 833 522 905 M„
568 850 976 912 regnumque
1019 830 1369 894 Armeniae
1410 833 1722 900 fundavit.

240 932 347 1012 (L.
380 934 486 994 XI.
520 953 583 1013 p.
622 954 705 993 m.
735 933 909 1011 804.)
961 930 1138 992 Unus
1177 933 1349 995 forte
1393 938 1721 1019 Appianus

241 1032 591 1116 Tigranem
624 1036 712 1095 M.
751 1048 941 1097 vocat
986 1035 1286 1116 Tigranis
1334 1034 1571 1114 filium,
1625 1041 1721 1121 (in

242 1134 485 1218 Syriae.
523 1155 585 1201 c.
614 1139 753 1217 48.)
790 1134 909 1197 sed
942 1136 1165 1212 fuere,
1214 1135 1324 1220 qui
1363 1138 1533 1201 hunc
1570 1161 1724 1223 pro-

234 1249 385 1321 pter
421 1237 657 1302 famam
695 1238 967 1299 nimium
1019 1237 1331 1302 incertam
1382 1242 1724 1326 negligen-

194 1337 387 1402 *dum
437 1354 770 1423 putarent,
824 1359 986 1424 quos
1034 1341 1208 1402 inter
1241 1340 1362 1404 fuit
1396 1344 1721 1409 Reinerus

236 1440 664 1519 Reineccius,
752 1463 948 1524 quem
1026 1458 1287 1534 secutus
1365 1466 1505 1507 sum
1568 1469 1715 1530 ego.

230 1544 383 1606 Fuit
447 1545 641 1607 etiam
688 1545 1008 1628 Tigranes
1052 1547 1273 1629 Magni
1327 1547 1527 1624 filius,
1587 1551 1717 1632 pri-

232 1667 406 1707 mum
431 1648 495 1707 in
533 1660 784 1731 patrem
821 1648 1002 1730 pius,
1038 1646 1276 1710 deinde
1304 1651 1567 1733 impius.
1607 1652 1718 1718 Vi-

231 1750 312 1812 de
357 1750 803 1814 Reineccium.
882 1751 1116 1809 Utrum
1158 1770 1318 1812 vere
1371 1749 1436 1811 in
1487 1753 1717 1815 Arme·

225 1854 330 1913 nia
384 1854 791 1935 regnaverit,
878 1873 1007 1913 non
1071 1851 1222 1912 satis
1285 1868 1712 1938 compertum.

225 1955 393 2014 Eum
435 1973 587 2015 sane
619 1953 794 2015 inter
824 1953 1211 2031 Armeniae,
1256 1956 1484 2016 saltem
1519 1956 1716 2039 majo-

223 2055 348 2130 ris,
398 2074 594 2138 reges
644 2076 774 2117 non
817 2076 1137 2139 recepere
1173 2076 1385 2140 neque
1431 2057 1714 2123 Vaillan-

222 2156 369 2232 tius,
407 2177 619 2240 neque
656 2157 1021 2223 Brotierus.
1056 2159 1168 2241 (ad
1208 2158 1412 2221 Tacit.
1449 2161 1708 2224 Tom.1.

221 2278 289 2339 p.
320 2255 497 2339 365.)

349 2364 576 2425 Serius
620 2362 794 2423 inter
827 2360 1180 2423 Armeniae
1218 2379 1417 2443 reges
1462 2380 1709 2422 memo-

219 2478 402 2526 ratur
434 2465 596 2527 alius
638 2464 989 2546 Tigranes,
1045 2483 1238 2547 quem
1280 2462 1533 2523 omissis
1562 2462 1705 2523 aliis

218 2566 431 2629 miuus
480 2565 678 2630 certis
736 2566 919 2627 lubet
960 2566 1313 2646 Tigranem
1357 2567 1435 2627 11.
1485 2564 1706 2646 appel-

212 2666 395 2747 lare,
443 2682 509 2732 et
551 2667 632 2730 ad
666 2688 861 2752 quem
910 2690 1143 2729 numus
1188 2687 1497 2750 praesens
1533 2664 1703 2728 haud

214 2770 411 2834 dubie
448 2771 749 2854 pertinet.
822 2769 1087 2854 Tigrani
1121 2773 1170 2834 Ι.
1210 2773 1445 2854 Magno
1482 2788 1705 2832 succe-

212 2873 309 2935 dit
370 2873 541 2936 filius
605 2873 1032 2951 Artavasdes,
1112 2893 1306 2957 quem
1382 2873 1700 2933 Antonius

210 2977 405 3037 Illvir
475 2975 706 3037 fraude
767 2976 1281 3039 circumventum
1341 2973 1552 3057 cepit,
1631 2985 1707 3040 et.

210 3074 677 3138 Alexandriam
719 3074 1022 3151 deduxit,
1052 3065 1301 3158 'postea'
1329 3075 1695 3150 interfecit,

212 3190 298 3244 ut·
320 3189 541 3237 narrat
577 3175 879 3251 Tacitus,
920 3179 1120 3259 (Anu.
1155 3179 1231 3236 L.
1258 3173 1336 3238 Π.
1373 3195 1427 3237 c.
1454 3175 1544 3256 3.)
1581 3176 1700 3237 sed

206 3278 340 3339 Dio
389 3291 535 3358 post
578 3278 832 3339 cladem
887 3277 1211 3340 Actiacam
1270 3299 1305 3338 a
1350 3277 1697 3360 Cleopatra

209 3400 470 3444 caesum
522 3380 752 3442 refert.
818 3380 927 3461 (L.
962 3381 1161 3457 L1.§.
1192 3379 1287 3456 5.)
1371 3379 1531 3462 Ejus
1582 3400 1698 3438 nu-

205 3504 385 3545 mum
448 3503 641 3566 supra
708 3480 879 3545 dedi.
961 3481 1172 3543 Patris
1233 3500 1509 3563 regnum
1565 3479 1699 3542 adit

207 3586 384 3648 filius
429 3583 763 3661 ArtaxiaS,
808 3602 937 3665 quo
982 3603 1105 3666 per
1159 3584 1381 3648 dol-um
1437 3587 1699 3670 propin·

206 3706 485 3770 quorum
528 3686 778 3762 occiso,
832 3699 903 3747 ut
939 3685 1173 3748 eodem
1207 3688 1354 3751 loco
1393 3690 1699 3773 perhibet

207 3786 508 3864 Tacitus,
589 3787 919 3871 Augustus
972 3788 1050 3851 V.
1089 3788 1163 3852 C.
1218 3788 1343 3872 734
1392 3793 1459 3852 in
1510 3792 1696 3875 Syria

203 3890 458 3973 degens
496 3888 822 3951 Armeniis
855 3889 1207 3971 Tigranem
1241 3892 1587 3973 praefecit,
1628 3906 1697 3957 et

198 4012 327 4076 per
377 3991 716 4054 Tiberium
763 3992 1097 4053 Neronem
1155 3992 1221 4052 in
1257 4013 1534 4077 regnum
1584 3995 1697 4059 de·

200 4093 573 4158 ducendum
611 4092 880 4157 curavit.
940 4092 1120 4155 Idem
1157 4093 1367 4157 refert
1393 4097 1543 4175 Dio,
1582 4099 1693 4179 (L.

197 4197 376 4263 LIV.
414 4199 469 4272 §.
509 4198 600 4277 q.)
646 4193 859 4272 sedin
891 4195 1222 4257 nonnullis
1256 4196 1478 4262 variat.
1528 4198 1696 4262 ¹Cae-

201 4297 258 4360 si
288 4297 625 4373 Artaxiae,
657 4310 723 4357 et
760 4296 1061 4379 Tigranis
1101 4295 1180 4359 ab
1218 4298 1513 4382 Augusto
1543 4323 1693 4365 con-

198 4397 410 4461 stituti
439 4395 617 4481 regis
650 4398 943 4459 meminit
978 4400 1167 4462 etiam
1203 4417 1691 4465 monumentum

198 4505 637 4583 Ancyrantim.
688 4500 1033 4580 (Chishall.
1068 4501 1215 4563 Ant.
1249 4503 1402 4566 Asia
1427 4526 1489 4586 p.
1524 4506 1690 4587 ¹75·)

202 4604 428 4696 Quare
495 4603 769 4678 mirum,
828 4605 1062 4685 regem
1110 4604 1283 4666 hunc
1343 4629 1377 4668 a
1421 4605 1689 4668 Tiberio

200 4703 555 4768 Armeniae
623 4703 993 4787 impositum
1061 4728 1096 4768 a
1149 4705 1387 4771 Veleio
1462 4721 1688 4770 contra

201 4809 491 4871 omnium
539 4803 735 4868 fidem
777 4793 909 4868 non
953 4806 1343 4892 Tigranem,
1404 4809 1523 4874 sed
1566 4812 1687 4874 Ar-

3177 592 3331 657 -52

1838 735 2167 799 tavastlem
2192 716 2202 724 ⁴
2231 735 2470 799 vocari.
2547 735 2655 819 (L.
2689 739 2800 799 112
2821 759 2879 803 c.
2916 742 3052 824 94.)
3132 744 3324 808 Hunc

1841 841 2192 922 Tigranem
2235 840 2366 901 Dio
2409 838 2679 900 fratrem
2731 841 3069 903 Artabazis
3115 846 3333 926 appel-

1835 942 1962 1016 lat,
2006 941 2238 1016 melius
2273 941 2628 1003 secundum
2670 939 2837 1003 dicta
2875 942 3201 1009 Artaxiae.

1966 1047 2096 1104 Iam
2162 1064 2327 1127 quae
2372 1042 2452 1106 ad
2497 1044 2951 1126 explicandum
2995 1045 3169 1109 hunc
3215 1070 3332 1108 nu·

1835 1168 2012 1207 mum
2056 1146 2329 1227 propius
2371 1147 2720 1225 pertinent,
2765 1145 3046 1230 petenda
3089 1168 3173 1209 ex
3209 1151 3330 1211 Ta·

1830 1248 1969 1311 cito
2026 1250 2155 1332 jam
2214 1268 2252 1307 a
2308 1246 2568 1311 Sestino
2627 1248 2967 1331 praeclare
3024 1248 3325 1315 indicata.

1836 1354 1898 1412 Is
1944 1364 2282 1433 postquam
2331 1364 2656 1427 narasset,
2703 1350 3055 1433 Tigranem
3085 1352 3164 1413 ab
3197 1351 3328 1413 Au·

1837 1467 2025 1535 gusto
2073 1450 2421 1513 Armeniae
2469 1450 2669 1514 fuisse
2714 1452 3122 1534 impositum,
3182 1452 3330 1515 suh-

1834 1554 2008 1638 jicit:
2061 1554 2262 1636 (Anu.
2291 1556 2371 1618 Η.
2402 1555 2498 1639 4.)
2549 1553 2694 1623 ‚Neo
2756 1555 3032 1637 Tigrani
3072 1558 3330 1617 diutur-

1833 1677 1988 1719 num
2031 1659 2375 1737 imperium
2406 1658 2593 1737 ficit,
2649 1674 2854 1736 neque
2897 1654 3132 1717 liberis
3165 1656 3325 1735 ejus,

1831 1777 2230 1838 quamquam
2301 1758 2584 1818 sociatis
2649 1778 2838 1821 more
2900 1768 3178 1818 externo
3247 1757 3327 1818 in

1829 1862 2332 1921 matrimonium
2365 1877 2787 1937 regnumque.
2839 1859 3100 1920 Deinde
3130 1858 3325 1936 jussu

1832 1961 2140 2042 Augusti
2176 1961 2545 2041 impositus·
2568 1960 3024 2035 Artavasdes,
3075 1970 3143 2020 et
3191 1976 3325 2019 non

1826 2066 1974 2125 sine
2005 2062 2198 2124 clade
2230 2073 2462 2122 nostra
2493 2062 2798 2138 dejectus.
2856 2061 3016 2122 Dim
3059 2061 3128 2122 C.
3163 2060 3322 2122 Cae-

1824 2184 1941 2225 sar
1999 2163 2484 2245 componendae
2541 2164 2909 2224 Armeniae
2970 2159 3315 2243 deligitur.

1824 2265 1897 2325 Is
1931 2264 2444 2326 Ariobarzanen
2483 2266 2742 2344 origine
2780 2263 3054 2323 Medum
3097 2263 3177 2323 ob
3221 2264 3321 2324 in-

1822 2364 2073 2446 signem
2106 2369 2402 2445 eorporis
2416 2366 2751 2448 sormam,
2794 2375 2863 2424 et
2896 2364 3320 2445 praeclarum

1823 2470 2120 2528 animum
2164 2467 2534 2527 volentibus
2581 2464 2930 2526 Armeniis
2967 2466 3312 2549 praefi-cit.

1824 2567 2296 2631 Ariobarzane
2353 2578 2566 2627 morte
2605 2567 2913 2647 fortuito
2971 2569 3316 2647 absumpto

1818 2673 2092 2749 stirpem
2127 2670 2270 2747 ejus
2299 2668 2481 2728 haud
2512 2668 2897 2743 toleravere,
2932 2677 3316 2754 tentatoque

1800 2771 2105 2858 feminae
2149 2772 2462 2853 imperio,
2498 2771 2626 2834 cui
2662 2790 2917 2831 nomem
2961 2770 3318 2850 ERATO,

1816 2893 2022 2951 eaque
2056 2871 2240 2934 brevi
2266 2873 2497 2955 pulsa,
2531 2872 2808 2947 Incerti,
2846 2873 3209 2952 solutique,
3247 2884 3316 2934 et

1814 2969 2038 3056 magis
2084 2977 2229 3036 sine
2272 2977 2573 3049 domino,
2628 2992 2825 3051 quam
2867 2975 2939 3034 in
2976 2973 3310 3051 libertate,

1804 3076 2164 3158 profugum
2229 3077 2568 3136 Vononem
2637 3075 2994 3154 (Parthiae
3058 3077 3307 3158 regem)

1812 3178 1886 3237 in
1925 3195 2196 3255 regnum
2233 3179 2592 3255 accipiunt.

1936 3275 2325 3336 Praeclarus
2379 3273 2487 3336 hie
2539 3293 2769 3335 numus
2815 3296 2941 3337 una
2990 3295 3136 3337 cum
3188 3277 3311 3336 Ta-

1812 3361 1925 3439 ciii
1953 3375 2172 3437 verbis
2199 3376 2471 3439 collatus
2505 3397 2633 3437 non
2666 3397 2866 3459 pauca
2897 3398 3015 3439 nos
3051 3375 3306 3440 edocet.

1810 3478 2068 3540 Dicitur
2113 3480 2318 3539 Erato
2364 3478 2543 3561 regis
2595 3478 2897 3561 Tigranis
2953 3499 3181 3555 soror,
3240 3489 3308 3540 et

1812 3580 2172 3647 verisimile
2208 3581 2421 3664 plane,
2453 3581 2652 3643 fuisse
2684 3595 2750 3644 et
2781 3581 3126 3664 conjugem
3156 3596 3303 3643 cum

1812 3681 2068 3745 adserat
2103 3683 2364 3745 Tacitus
2386 3726 2403 3756 ,
2436 3683 2503 3743 in
2537 3683 2837 3766 Tigranis
2883 3697 3078 3767 gente
3117 3704 3299 3746 morc

1814 3799 2088 3848 externo
2120 3804 2267 3847 cum
2299 3784 2633 3846 sororibus
2667 3786 2906 3849 sociata
2940 3786 3138 3866 fuisse
3173 3807 3302 3848 ma·

1808 3886 2189 3950 trimonium
2241 3907 2673 3970 regnumque.
2747 3890 2933 3970 Ergo
2981 3889 3299 3971 Tigranes

1810 4011 1989 4066 suam
2024 4002 2090 4051 et
2124 4009 2423 4052 sororem
2461 4004 2527 4052 et
2557 3991 2904 4073 conjugem
2941 3989 3004 4049 in
3036 4004 3298 4053 moneta

1756 4129 1765 4150 .
1811 4091 2121 4156 sociando
2177 4091 2355 4155 idem
2403 4091 2596 4169 feeit,
2660 4091 2836 4175 quod
2887 4091 3093 4154 multo
3144 4099 3292 4154 ante

1807 4216 2006 4280 reges
2055 4195 2372 4280 Aegypti,
2431 4209 2500 4258 et
2542 4195 2751 4257 serius
2796 4195 3292 4276 Commagenes.

1808 4299 2043 4360 Narrat
2084 4298 2378 4376 Tacitus,
2435 4298 2785 4360 Armenios
2832 4294 3291 4357 Ariobarzanis

1807 4399 2051 4463 mortui
2087 4399 2391 4482 stirpem,
2436 4398 2610 4461 haud
2645 4398 2874 4475 dubie,
2920 4397 3065 4481 quia
3102 4418 3292 4479 pere-

1810 4502 1995 4586 grina
2052 4500 2243 4573 fecit,
2304 4521 2433 4562 non
2499 4503 2834 4563 tolerasse.
2885 4500 3286 4572 ⁸Verisimile

1798 4623 2009 4687 ergo,
2067 4624 2183 4666 eos
2229 4603 2598 4688 respexisse
2649 4606 2883 4678 Erato,
2939 4602 3284 4690 mulierem

1803 4705 2106 4790 quidem,
2145 4719 2363 4768 tamen
2401 4705 2611 4789 gentis
2646 4725 2831 4780 suae,
2878 4718 2945 4765 et
2982 4704 3282 4788 Tigranis

1798 4806 2018 4872 fratris
2069 4828 2366 4871 uxorem.
2437 4809 2539 4868 Ex
2596 4807 2720 4869 hoc
2780 4809 3018 4869 iterum
3084 4827 3282 4867 numo
