4388 5576
1154 447 1306 521 DE
1360 432 1984 526 CONSVLIB.
2040 449 2657 531 CAESARIB.

356 625 793 697 Occidentem
835 627 1118 718 imperio
1150 627 1412 706 statuit,
1457 644 1529 693 ut
1567 612 1847 697 duorum

355 751 721 795 annuorum
756 730 1109 809 consulum
1131 730 1300 800 alter
1331 734 1617 825 Romae,
1680 736 1851 799 Con·

356 834 780 917 stantinopoli
825 833 995 896 alter
1042 832 1517 917 designaretur.
1603 835 1690 897 Ei
1746 834 1848 899 rei

355 934 597 997 factum
647 935 897 998 initium
942 935 1406 1000 anno-Christi
1456 937 1616 1016 338,
1662 937 1845 1020 cujus

356 1036 677 1101 Kalendis
736 1041 868 1101 lan.
927 1052 1188 1103 mortuo
1256 1058 1471 1123 nuper
1534 1039 1849 1105 Constan-

352 1140 491 1203 tino
535 1143 662 1216 M„
723 1153 791 1201 et
840 1140 1124 1224 imperio
1179 1161 1267 1205 ex
1320 1142 1463 1226 ejus
1511 1144 1845 1205 voluntate

351 1241 418 1305 in
463 1255 600 1305 tres
642 1243 818 1305 lilios
874 1242 1083 1306 diviso
1139 1230 1337 1327 primi
1397 1243 1586 1323 hujus
1643 1264 1846 1326 gene·

350 1345 441 1407 ris
498 1345 803 1407 consules
855 1365 1286 1428 processere,
1342 1358 1410 1408 et
1455 1345 1660 1412 Vrsus
1706 1344 1845 1429 qui·

350 1446 502 1508 dem
532 1445 597 1505 in
634 1445 1034 1524 Occidente,
1070 1446 1408 1510 Polemius
1443 1445 1510 1507 in
1532 1445 1840 1511 Oriente.

350 1546 539 1615 Vnde
576 1546 815 1615 factum
840 1592 857 1624 ,
901 1556 1019 1622 ut,
1057 1549 1114 1613 si
1157 1547 1415 1632 quando
1451 1547 1535 1612 de
1573 1550 1841 1612 alterius

349 1650 531 1713 orbis
564 1653 835 1714 consule
868 1650 1158 1715 nondum
1193 1650 1556 1727 constabat,
1597 1653 1842 1716 scribe-

347 1765 533 1814 retur
565 1752 629 1813 in
666 1754 825 1816 actis
858 1752 1135 1834 publicis
1165 1773 1224 1816 v.
1259 1774 1321 1836 g.
1356 1760 1721 1820 consulibus
1754 1762 1839 1820 N.

339 1865 412 1917 et
439 1859 555 1937 qm'
596 1860 939 1939 nunciatus
972 1861 1217 1939 suerit,
1263 1855 1401 1918 vel:
1448 1851 1837 1934 consulibus,

344 1975 613 2041 quorum
649 1946 813 2018 dlter
846 1970 943 2020 est
973 1963 1450 2034 Aristaenetus,
1503 1963 1837 2039 conleyam

338 2059 513 2118 etaim
550 2061 797 2137 iynoro.
843 2058 1015 2126 Vide
1050 2059 1287 2125 similia
1324 2059 1628 2142 exempla
1659 2057 1835 2144 apud

344 2155 618 2238 Pagium
649 2162 733 2241 ⁸).

464 2259 780 2323 Formula
813 2272 970 2343 post
1001 2267 1425 2329 consulatum.
1486 2263 1649 2329 Cum
1692 2263 1834 2330 sive

339 2374 618 2446 propter
690 2361 1050 2426 discordias
1125 2365 1614 2451 imperantium,
1692 2368 1831 2431 sive

338 2463 548 2541 bella,
621 2464 759 2527 sive
828 2464 1063 2528 caedes
1122 2468 1527 2553 principum,
1589 2470 1831 2532 aliasve

334 2585 561 2629 causas
633 2558 836 2629 annus
911 2570 1043 2631 suis
1117 2569 1524 2648 consulibus,
1598 2571 1831 2634 saltem

335 2668 572 2744 certis,
630 2667 996 2754 agnitisque
1058 2685 1351 2749 careret,
1409 2672 1650 2735 factum
1695 2693 1830 2739 non

335 2791 523 2850 raro,
579 2783 652 2835 ut
701 2793 944 2838 vacuus
1003 2771 1112 2836 hic
1171 2796 1374 2838 annus
1429 2796 1629 2851 unus,
1686 2774 1830 2857 plu-

334 2894 529 2939 resve
560 2896 600 2937 a
632 2875 901 2940 consule
942 2888 1126 2939 certo
1172 2877 1323 2938 anni
1366 2862 1826 2959 praecedentis

333 2995 575 3039 nomen
635 2979 1015 3061 acciperet,·
1059 2978 1304 3064 scripto
1363 2998 1423 3041 v.
1460 2997 1535 3059 g.
1579 2980 1826 3042 Basilio

333 3078 418 3142 V.
462 3080 536 3142 C.
575 3081 881 3158 consule,
924 3115 1008 3130 -
1050 3084 1240 3143 Anno
1277 3065 1551 3143 secundo
1577 3094 1730 3161 post
1760 3085 1824 3143 C.

300 3185 576 3245 ,Basilii
628 3216 717 3231 -
774 3185 965 3246 Anno
1010 3165 1205 3243 ’tertio
1246 3191 1400 3259 post
1450 3185 1513 3243 C.
1565 3185 1825 3257 Basilii,

332 3302 465 3365 quo
500 3284 922 3365 designantur
954 3278 1104 3342 anni
1135 3291 1282 3361 post
1316 3278 1645 3342 Christum
1676 3283 1826 3356 541,

326 3381 495 3460 ἶ542,
557 3384 711 3458 543.
793 3378 1073 3464 Legitur
1134 3381 1294 3442 haec
1352 3378 1635 3463 formula
1695 3383 1828 3464 pri-

332 3505 508 3545 mum
553 3482 635 3548 ad
679 3502 915 3544 annum
960 3478 1406 3560 Christi-307,
1466 3501 1616 3545 cum
1674 3484 1847 3545 anni·

331 3580 788 3665 praecedentis
846 3580 1152 3645 consules
1194 3582 1471 3647 fuissent
1514 3583 1825 3648 Constan-

332 3683 460 3744 tius
519 3682 802 3747 Chlorus
862 3686 978 3752 Vt.
1050 3695 1119 3745 et:
1187 3683 1329 3747 Gal.
1393 3686 1857 3756 Maximianus,

331 3786 482 3860 Vl..
543 3784 954 3870 frequentius
999 3770 1164 3848 aevo
1210 3786 1682 3869 imperaturum
1731 3788 1825 3849 in·

330 3872 557 3964 fimo‚j
590 3886 677 3978 de
726 3887 907 3969 cujus
952 3885 1181 3974 variis,
1239 3901 1310 3950 et
1357 3909 1551 3975 saepe
1600 3890 1829 3953 confu-

327 3994 433 4064 sis¹
474 3988 733 4073 legibus
785 3989 937 4054 vide
979 3989 1253 4072 Pagium
1286 3987 1387 4073 b),
1446 3991 1561 4075 qui
1606 4003 1672 4054 et
1718 4011 1828 4055 co·

325 4093 526 4180 piosis
559 4092 872 4176 deinceps
909 4091 1227 4177 exemplis
1263 4094 1696 4176 comprobare
1730 4094 1825 4156 ni·

324 4197 524 4272 titur,
566 4193 722 4256 inde
755 4216 789 4255 a
827 4194 1253 4258 Constantino
1288 4197 1635 4280 pogonato
1671 4217 1822 4261 eon,

333 4299 611 4374 sulatum,
655 4308 727 4357 ut
770 4298 930 4359 olim
976 4297 1388 4362 tribuniciam
1431 4313 1853 4382 potestatem<

328 4413 555 4482 gestos
598 4396 802 4462 fuisse
837 4399 921 4481 0).

329 4550 3427 4588 -———-—————-‚-————--—-—-—-.-.-....—.-—.-,

396 4637 458 4698 a)
494 4629 540 4692 l.
573 4652 627 4694 c.
663 4653 801 4714 pag.
828 4646 956 4702 310.
1103 4633 1170 4708 b)
1207 4634 1455 4697 Dissert.
1494 4633 1637 4721 hyp.
1680 4637 1982 4726 Parnm.
2026 4660 2156 4715 cap.
2190 4637 2266 4701 11.
2305 4659 2422 4724 sec.
2513 4631 2540 4646 ”
2570 4645 2632 4718 c)
2669 4642 2709 4701 l.
2741 4663 2791 4704 c.
2832 4665 2963 4723 cap.
3004 4646 3108 4711 IV.
3255 4649 3322 4724 d)
3360 4649 3426 4709 L.
3505 4613 3509 4617 -

321 4720 369 4783 1.
410 4741 458 4781 c.
491 4732 546 4789 5.

3312 483 3459 546 333

2606 641 2660 717 §-
2703 638 2817 706 tx.

2086 772 2256 845 Cum
2306 771 2682 837 consulatus
2719 797 2765 861 *a
2817 774 3145 845 veteribus
3181 780 3249 847 in
3292 788 3456 853 varii
3511 776 3530 825 ’-

1962 876 2229 958 generis
2285 866 2755 956 monumentis,
2815 879 3103 964 actisque
3158 887 3452 970 privatis,

1961 977 2317 1064 praecipue
2394 998 2541 1042 cum
2608 977 2774 1041 fides
2847 981 3144 1049 facienda
3216 990 3453 1064 fuerat,

1959 1078 2523 1163 producerentur,
2584 1093 2805 1145 tamen
2854 1085 2928 1146 in‘
2969 1107 3045 1149 re
3094 1092 3455 1154 monetaria

1960 1194 2214 1242 mature
2270 1181 2525 1264 negligi
2580 1202 2891 1267 coepere.
2977 1189 3138 1253 Inde
3194 1212 3230 1254 a
3291 1193 3463 1255 Con·

1960 1284 2239 1345 stantino
2270 1287 2395 1359 M„
2442 1282 2728 1367 filiisque
2769 1288 3155 1355 Caesaribus
3190 1294 3455 1359 tandem

1956 1396 2108 1467 post
2167 1383 2438 1468 longum
2497 1386 2855 1452 multorum
2914 1414 3232 1457 annorum
3275 1396 3496 1461 inter‘

1956 1484 2201 1549 vallum
2250 1486 2668 1551 Theodosius
2702 1492 2779 1557 11.
2828 1493 3199 1559 consulatus
3242 1500 3450 1566 XVII.

1957 1600 2025 1647 et
2072 1578 2311 1653 xvln.
2366 1588 2608 1652 iterum
2650 1592 2863 1654 nurnis
2915 1594 3263 1680 inscripsit.
3327 1602 3454 1666 Po-

1954 1702 2236 1752 stremus
2289 1688 2412 1751 fuit
2455 1692 2800 1771 Heraclius
2850 1696 2930 1758 11.
2991 1697 3453 1783 Constantinus

1953 1790 2246 1854 Heraclii
2298 1795 2344 1854 1.
2387 1780 2598 1870 filiu's,
2641 1794 2708 1855 in
2755 1796 2940 1877 cujus
2983 1820 3182 1865 numo
3228 1804 3472 1888 singu·‚
3535 1854 3544 1861 .

1950 1893 2112 1967 lari,
2181 1912 2377 1989 quem
2430 1916 2548 1957 suo
2601 1895 2751 1960 loco
2808 1899 3141 1979 dedimus,
3203 1906 3452 1989 legitur

1950 1991 2352 2059 ERACAIO
2383 1996 2799 2065 CONSVAI.
2847 2000 3137 2067 Tandem
3171 2026 3447 2072 veneru-

1948 2097 2102 2184 bilis
2153 2097 2260 2159 hic
2305 2100 2753 2180 magistratus,
2802 2104 2908 2166 cui
2954 2105 3120 2191 nihil
3165 2109 3445 2194 amplius

1948 2199 2197 2265 veteris
2233 2198 2603 2290 splendoris
2635 2203 2938 2267 relictum
2974 2205 3131 2285 fuit,
3176 2212 3265 2274 ita
3295 2233 3447 2278 coe·

1947 2301 2046 2386 pit
2098 2302 2453 2380 vilescere,
2500 2316 2570 2365 ut
2618 2308 2761 2373 Leo
2809 2307 2923 2375 VI.
2980 2310 3284 2390 Sapiens,
3332 2314 3447 2397 qui

1944 2405 2297 2489 imperium
2346 2405 2547 2469 adivit
2602 2428 2769 2470 anno
2818 2407 3064 2473 Christi
3103 2414 3264 2492 886,
3309 2417 3483 2481 No-.

1943 2508 2184 2591 tellam
2241 2508 2379 2575 CV.
2427 2508 2790 2587 Iustiniani,
2858 2533 3025 2595 quae
3077 2514 3161 2576 de
3215 2536 3448 2581 consu·

1944 2610 2077 2671 latu
2106 2622 2370 2686 tractat,
2409 2624 2480 2673 et
2507 2612 2725 2694 legem
2759 2615 3083 2693 continet,
3118 2618 3280 2679 nihil
3310 2621 3443 2702 jam

1943 2711 2023 2775 ad
2074 2732 2285 2798 remp.
2334 2712 2813 2796 pertinentem,
2862 2737 3010 2780 cum
3056 2718 3200 2782 aliis
3245 2721 3442 2798 inuti-

1856 2877 1873 2881 -
1942 2815 2116 2879 libus
2158 2836 2245 2879 ex
2294 2816 2519 2902 legum
2564 2819 2860 2902 catalogo
2902 2822 3103 2883 eximi
3144 2821 3443 2907 jusserit.

1941 2921 2369 3002 Legetotam
2413 2940 2556 2983 eam
2599 2921 2844 2983 Leonis
2884 2925 3440 3008 constitutionem,

1943 3021 2389 3104 quaelerdine
2432 3036 2535 3084 est
2591 3018 2819 3089 XCIV.
2907 3025 2994 3085 Et
3039 3026 3282 3110 placuit
3326 3032 3442 3095 de·-

1940 3123 2166 3202 inceps
2204 3122 2273 3182 in
2317 3121 2595 3185 Oriente
2638 3123 2721 3184 ad
2760 3123 3194 3208 designandos
3234 3152 3440 3196 annos

1940 3222 2035 3282 uti
2095 3220 2351 3304 epocha
2409 3223 2590 3285 orbis
2652 3223 2932 3302 conditi,
2980 3229 3091 3309 qui
3135 3231 3438 3295 collectis

1940 3322 2124 3383 annis
2201 3341 2285 3384 ex
2360 3335 2671 3405 computo
2731 3326 2916 3390 Lxx
2975 3330 3435 3414 interpretum,

1898 3442 2101 3484 ,vero
2146 3441 2226 3483 an
2274 3420 2477 3501 falsu,
2524 3425 2824 3488 conditus
2873 3426 3213 3508 ferebatur
3255 3432 3361 3496 die
3407 3439 3438 3498 1

1942 3522 2352 3606 Septembris
2410 3537 2580 3587 anno
2637 3527 2807 3589 5508
2869 3549 3093 3608 mense
3148 3535 3259 3595 111.
3325 3536 3435 3600 die

1938 3625 2148 3691 XXV.
2194 3637 2343 3688 ante
2384 3628 3006 3720 natum'Christum,
3051 3633 3133 3693 de
3174 3655 3304 3720 quo
3345 3638 3441 3701 vi.

1939 3724 2023 3787 de
2071 3727 2556 3811 chronologos,
2619 3745 2688 3793 et
2729 3731 2795 3791 in
2841 3735 3233 3820 compendio
3278 3738 3433 3803 Gib-

1939 3827 2184 3921 bonum
2231 3848 2371 3913 cap.
2414 3840 2498 3906 40
2543 3832 2608 3894 in
2653 3831 2806 3896 fine.

2581 4038 2645 4142 §-
2705 4040 2788 4102 X.

2062 4202 2411 4266 Postremo
2451 4203 2650 4268 etiam
2694 4204 2780 4267 de
2823 4205 3218 4287 insignibus,
3264 4230 3428 4294 quae

1934 4305 2242 4367 consules
2279 4304 2687 4383 discrevere,
2747 4306 2963 4392 aliqua
2993 4325 3142 4373 sunt
3177 4313 3433 4393 praeci-

1931 4403 2200 4488 pienda.
2229 4404 2589 4470 AitFlorus
2608 4406 2692 4498 de
2709 4410 3066 4495 Tarquinio
3083 4412 3311 4477 Prisco
3342 4412 3430 4496 (ῆι
3533 4408 3542 4412 ’
