4388 5576
882 449 1207 529 capv‘r
1272 402 1371 532 Χ.
1474 450 1610 529 DE
1679 450 2246 559 mmvmcnt
2305 452 2914 535 PoTEsTATE.

3311 473 3454 554 ³91

1346 955 1957 1199 'G'AR'V
2000 1028 2114 1148 Τ
2216 965 2375 1153 Χ

827 1371 994 1448 bn
1088 1339 1989 1484 ΤΒιΒνΝιοιΑ
2082 1373 2961 1449 Porsssrarn.

344 1713 765 1824 Tribunicia
810 1751 1282 1841 imperatorum
1328 1765 1616 1833 potestas
1654 1775 1690 1816 a
1725 1752 1840 1814 tri-

338 1858 533 1922 bunis
571 1849 1122 1940 plebis‘ducitur,
1196 1855 1306 1939 qui
1341 1875 1509 1917 anno
1547 1868 1691 1936 post
1727 1874 1838 1916 ex-

299 1953 523 2027 'actos
570 1944 770 2043 reges
815 1959 1029 2034 XVI„
1089 1957 1170 2025 V.
1221 1958 1293 2017 C.
1336 1957 1457 2019 262
1504 1956 1838 2018 constituti

339 2078 523 2142 sunt,
593 2075 667 2124 ut
706 2059 921 2143 :plebi
989 2058 1341 2148 adversum
1412 2059 1835 2140 patriciorum

336 2165 789 2238 insolentiam,
824 2160 922 2223 'et
964 2149 1302 2223 saevitiem
1362 2159 1691 2241 praesidio
1718 2180 1837 2222 ·es-

284 2298 295 2306 ·
337 2251 504 2330 sent.
596 2263 861 2357 ‚Quibus
938 2261 1246 2344 gradibus
1324 2279 1557 2323 eorum
1633 2261 1831 2336 vires,

326 2387 414 2430 ac
455 2371 746 2450 potentia
791 2361 1154 2439 creverint,
1217 2383 1540 2452 quamque
1587 2363 1833 2428 fuerint

260 2513 271 2522 .
335 2483 470 2530 non
530 2467 819 2551 patriciis
878 2465 1125 2541 modo,·
1166 2466 1284 2527 sed
1342 2466 1500 2546 ipsis
1563 2464 1831 2524 summis

336 2569 851 2654 magistratibus
887 2587 1119 2649 graves
1182 2585 1258 2627 ac
1319 2564 1619 2637 molesti,
1697 2585 1829 2626 non

334 2686 433 2736 est
466 2673 655 2753 hujus
688 2670 817 2733 loci
842 2684 1388 2732 commemorare.
1416 2687 1443 2710 ·-
1473 2665 1651 2727 Istud
1688 2686 1832 2728 cer-

332 2786 509 2851 tum.
571 2773 819 2857 majora
881 2771 1193 2846 tribunis,
1254 2783 1447 2853 atque
1511 2769 1830 2853 ampliora

330 2875 534 2940 fuisse
565 2895 876 2941 concessa
901 2874 1042 2959 jura
1070 2896 1147 2938 ac
1171 2886 1596 2957 potestatem,
1633 2894 1826 2958 quam

262 3010 273 3016 ·
329 2991 408 3042 ut
434 2978 800 3063 principes,
845 2978 955 3060 qui
988 3000 1197 3062 remp.
1230 2986 1647 3053 everterunt,
1692 2995 1828 3038 ome

331 3080 642 3161 niumque
674 3079 743 3139 in
778 3100 848 3140 se
884 3080 1375 3160 magistratuum
1416 3080 1590 3141 vires
1623 3092 1830 3140 trans-

330 3182 517 3243 ferre
576 3191 729 3241 sunt
789 3179 1035 3252 conati.
1101 3196 1235 3237 non
1292 3178 1491 3238 etism
1553 3178 1829 3239 tribuni·

332 3283 501 3346 ciam
560 3278 1013 3341 auctoritatem
1071 3275 1425 3353 ambirent,
1458 3290 1595 3338 ,aut
1647 3276 1826 3354 ultro

332 3383 461 3448 sibi
489 3378 741 3446 deferri
772 3376 1340 3461 concupiscerent.
1381 3380 1615 3460 Neque
1650 3377 1826 3440 enim

333 3483 573 3569 exigua
616 3479 740 3543 fuit
774 3479 859 3542 ad
899 3500 1218 3542 summam
1260 3478 1397 3542 sive
1443 3479 1825 3562 potentiam,

331 3586 472 3651 sive
514 3582 899 3649 felicitatem
935 3582 1267 3659 accessio,
1313 3601 1460 3644 esse
1496 3600 1828 3644 sacrosan·

333 3702 545 3765 ctum,
572 3682 576 3686 Δ
607 3700 711 3765 et,
770 3700 844 3748 ut
886 3686 976 3748 ait
1018 3685 1255 3749 Cicero
1288 3687 1385 3766 ⁸),
1448 3704 1580 3746 non
1623 3681 1823 3748 modo

318 3805 558 3857 ‘contra
600 3791 734 3856 vim
780 3803 848 3852 et
890 3788 1179 3863 ferrum,
1237 3783 1356 3848 sed
1413 3785 1610 3849 etiam
1673 3805 1826 3849 con-

326 3910 435 3962 tra?
511 3892 713 3960 verba
792 3889 1053 3972 legibus
1138 3889 1405 3951 sacratis
1483 3902 1821 3967 armatum.

321 4018 525 4086 posse
569 3994 1065 4081 quibuscunque
1109 3990 1685 4055 senatusconsultis
1726 3991 1823 4056 ine

325 4098 715 4177 tei-cedere,
760 4094 1164 4172 convocare,
1211 4095 1359 4157 c'um
1403 4094 1698 4169 luberet,
1743 4114 1820 4158 ac

327 4200 658 4264 dimittere
719 4213 1023 4283 senatum¹
1080 4198 1581 4287 populumque.
1619 4198 1820 4281 magi.
1864 4238 1875 4245 .

331 4313 566 4387 stratus
611 4301 733 4362 sibi
779 4301 1169 4363 obsistentes
1215 4301 1279 4366 vi
1317 4302 1396 4397 ad
1430 4299 1817 4384 obsequium

330 4402 620 4486 adigere.
703 4402 913 4479 Vide,
974 4423 1139 4487 quae
1203 4401 1286 4465 de
1344 4403 1468 4466 hac
1524 4401 1818 4466 tribuno·

397 4578 614 4714 cypro
653 4631 871 4707 Sextio.

324 4727 423 4792 vl.
462 4747 516 4787 c.
559 4736 647 4791 18.
830 4727 893 4798 e)
932 4722 997 4783 1..
1015 4723 1127 4784 ‘L1.
1170 4727 1218 4799 §.
1262 4736 1347 4797 19.

1035 4632 1106 4697 b)
1144 4634 1209 4691 B.
1248 4632 1314 4688 L.
1352 4632 1521 4690 Tom.
1562 4632 1753 4691 XXV.
1794 4630 1969 4713 Mem.
2005 4647 2147 4711 pag.
2180 4638 2316 4704 392.

1533 4714 1585 4794 s)
1625 4720 1690 4777 L.
1732 4718 1880 4779 LIII.
1918 4723 1980 4794 §f
2005 4720 2095 4786 32.

1903 1808 1907 1812 ,
1952 1773 2102 1816 rum
2146 1753 2238 1838 pl.
2284 1751 2631 1836 potestate
2666 1752 2945 1816 subinde
2990 1753 3058 1814 in
3098 1754 3449 1840 imperato·

1953 1875 2061 1916 res
2122 1854 2443 1918 transfusa
2505 1852 2710 1918 nitide
2771 1856 3079 1921 disseruit
3121 1860 3204 1922 cl.
3252 1859 3335 1923 de
3381 1861 3443 1928 la
3563 1879 3583 1908 ¹

1912 1956 2274 2026 ‘Bletterie
2319 1956 2545 2042 Gallus
2577 1954 2665 2038 1²).
2727 1961 2732 1964 ’
2805 2032 2814 2036 ἓ

2020 2075 2031 2086 “
2077 2059 2378 2134 Primus,
2432 2058 2541 2121 cni
2583 2051 2785 2122 'extra
2832 2057 3132 2125 ordinem
3176 2061 3444 2130 decreta

1948 2174 2053 2222 est
2102 2160 2447 2224 tribunicia
2488 2172 2813 2244 potestas,
2873 2160 2998 2223 fuit
3040 2165 3241 2228 Iulius
3288 2169 3447 2232 Cae-

1950 2284 2058 2325 sar
2091 2276 2372 2325 testante
2407 2263 2582 2325 istud
2612 2266 2829 2327 Dione
2863 2265 2946 2344 c).
2987 2265 3310 2332 Nimirum
3348 2269 3446 2331 in-

1947 2378 2052 2427 ter
2097 2365 2259 2427 alios
2308 2367 2632 2442 honores,
2696 2385 2860 2450 quos
2910 2366 3122 2431 audita
3168 2372 3443 2435 victoria

1944 2462 2322 2524 Pharsalica
2354 2464 2418 2534 ei
2447 2465 2683 2524 detulit
2713 2464 3027 2548 populus,
3070 2468 3193 2542 fuit
3222 2471 3441 2551 etiam,

1946 2577 2017 2624 ut
2058 2584 2182 2647 per
2226 2584 2488 2626 omnem
2545 2566 2740 2630 vitam
2788 2566 3199 2632 tribuniciam
3245 2572 3443 2636 etiam

1945 2662 2427 2748 quodammodo
2554 2678 2944 2748 potestatem
3085 2672 3435 2738 obtineret.

1943 2768 2128 2831 Idem
2182 2770 2393 2831 honos
2452 2767 2705 2832 oblatus
2742 2769 3111 2835 Octaviano
3158 2791 3304 2858 post
3346 2778 3440 2842 vi-

1943 2883 2118 2933 ctum
2178 2871 2245 2932 in
2304 2870 2527 2935 Sicilia
2586 2871 2740 2933 Sex.
2788 2874 3182 2961 Pompejum
3243 2881 3443 2964 Lepi.

1944 2974 2262 3058 dumque,
2336 2972 2393 3036 si
2433 2972 2631 3038 ‘fides
2700 2975 2946 3039 Orosio
2978 2975 3080 3061 d),
3152 2980 3290 3046 sive
3353 2983 3440 3047 ad

1940 3076 2201 3138 Actium
2229 3076 2581 3138 Antonium
2627 3089 2798 3141 teste
2829 3080 3069 3143 iterum
3106 3082 3321 3146 Dione
3341 3086 3436 3167 ἒ),

1942 3176 2062 3238 sed
2104 3197 2303 3259 quem
2361 3190 2498 3240 tum
2559 3178 2822 3241 videtur
2880 3194 2990 3243 aut
3032 3202 3163 3243 non
3208 3205 3437 3270 accep-

1941 3288 2149 3352 tasse,
2212 3290 2321 3339 aut
2379 3291 2562 3343 certe
2619 3279 3062 3361 negligentius
3106 3283 3436 3354 habuisse.

1940 3376 2206 3439 Etenim
2270 3398 2438 3441 auno
2501 3394 2650 3462 post
2708 3401 2788 3442 ea
2851 3382 3167 3464 septimo,
3230 3388 3312 3453 V.
3357 3391 3431 3455 C.

1940 3481 2058 3562 73¹
2084 3516 2103 3555 ‚
2164 3490 2238 3540 ut
2279 3479 2461 3543 idem
2499 3479 2630 3544 Dio
2690 3482 2900 3545 refert
2930 3481 3027 3564 f),
3092 3484 3437 3553 decretum

1941 3598 1979 3644 a
2025 3593 2290 3662 senatu,
2358 3594 2442 3671 ιιίςἱ
2472 3586 2802 3667 Augustus
2863 3584 3161 3650 tribunus
3216 3590 3434 3674 plebis

1939 3696 2299 3770 perpetuus
2333 3698 2555 3761 esset,
2600 3684 2906 3771 additque
2949 3689 3291 3755 continuo:
3335 3695 3434 3756 in-

1940 3785 2023 3848 de
2069 3799 2400 3862 exortum,
2449 3801 2520 3848 ut
2562 3787 2928 3872 Augustus,
2988 3791 3231 3876 quique
3276 3814 3430 3860 eum

1938 3890 2147 3953 secuti
2203 3902 2353 3955 sunt
2409 3886 3091 3974 imperatores,.lege
3152 3897 3429 3980 quadam
3475 3884 3483 3895 ⁹

1937 4012 2085 4055 cum
2127 3989 2401 4074 reliquis
2445 3991 2628 4055 hisce
2672 3991 3064 4071 honoribus,
3125 4012 3259 4062 tum
3316 4000 3429 4064 tri·

1934 4092 2192 4156 bunicia
2238 4105 2557 4175 potestate
2601 4106 2965 4157 uterentur.
3020 4099 3276 4164 Primus
3323 4122 3428 4165 er·

1935 4216 2020 4278 go
2080 4196 2207 4257 suit
2263 4196 2627 4279 Augustus,
2704 4181 3014 4280 qui'ea'm
3084 4201 3203 4263 hac
3265 4204 3420 4288 lege

1932 4298 2251 4381 suscepit,
2300 4318 2425 4382 qua
2465 4296 2636 4380 apud
2679 4318 3094 4363 successores
3141 4302 3421 4370 valuisse

1932 4419 2015 4462 ex
2059 4412 2356 4466 veterum
2402 4401 2837 4464 monumentis
2869 4402 3314 4486 intelligimus.

2475 4632 2536 4704 c)
2574 4630 2638 4690 1..
2676 4631 2856 4694 xLu.
2897 4651 2946 4692 c.
2985 4644 3074 4696 20.
3240 4636 3310 4712 d>
3347 4637 3416 4698 L.

2452 4999 2488 5018 l
