4388 5576
1074 408 1223 494 486

1074 589 1295 661 nium,
1364 581 1477 667 qui
1544 583 1663 647 illa
1734 599 1902 644 anno
1973 581 2237 664 imperii
2305 577 2563 646 decimo

1077 683 1398 754 solvendo
1448 683 1815 768 legitimum
1866 696 1935 748 et
1975 685 2289 748 hactenus
2335 683 2566 768 praeii-

1072 810 1231 854 xum
1286 800 1548 869 tempus
1608 787 2076 869 anticipaverit.
2179 786 2422 868 Pagius
2495 785 2564 847 in

1075 891 1534 957 dissertatione
1573 910 1684 951 sua
1717 888 2015 972 hypatica
2060 888 2261 950 Parte
2288 890 2368 948 11.
2419 907 2562 970 cap.

980 1051 983 1060 .
1072 996 1156 1056 11.
1204 1012 1484 1057 canones
1522 1003 1672 1053 octo
1722 988 2050 1065 definivit,
2111 988 2191 1050 ad
2231 1009 2393 1072 quos
2425 989 2563 1052 uni·

1069 1106 1329 1161 versam
1375 1094 1458 1156 de
1496 1095 1662 1161 votis
1697 1089 2160 1156 decennalibus
2194 1089 2560 1153 doctrinam

1072 1198 1318 1278 adegit.
1404 1195 1832 1259 Mazzolenus
1880 1191 2035 1277 quid
2084 1192 2364 1254 maxime
2426 1193 2561 1254 vel-

1071 1299 1200 1374 let,
1247 1298 1604 1364 declaravit
1646 1295 1936 1361 articulis
1965 1295 2125 1362 VII..
2156 1307 2225 1356 et
2256 1289 2556 1356 xxvxffl.

1068 1423 1224 1466 suae
1258 1402 1339 1463 de
1373 1402 1542 1466 votis
1573 1405 1655 1465 X.
1696 1396 2168 1464 dissertationis
2189 1441 2208 1473 ,
2253 1398 2562 1459 nimirum

1068 1505 1506 1588 imperatores
1566 1504 1776 1587 prima
1848 1498 2559 1587 quinquennaliaante

1067 1608 1268 1670 :tinem
1333 1602 1761 1691 quinquennii
1816 1602 2164 1685 completi,
2239 1614 2307 1662 et
2349 1601 2559 1684 prima

1066 1706 1453 1771 decennalia
1482 1721 1628 1770 ante
1667 1704 1865 1770 finem
1900 1702 2204 1766 decennii
2247 1702 2561 1787 completi

1069 1809 1410 1874 celebrare
1456 1807 1906 1880 consuevisse,
1951 1804 2232 1868 secunda
2277 1825 2441 1871 vero
2487 1817 2556 1868 et

1066 1912 1322 1996 reliqua
1369 1906 1872 1994 quinquennalia
1925 1921 2118 1990 atque
2172 1905 2556 1970 decennalia

1063 2015 1268 2079 fuisse
1301 2015 1657 2097 completa,
1702 2023 1770 2076 et
1795 2009 1975 2074 annis
2010 2010 2092 2078 V.
2124 2006 2237 2074 vel
2270 2010 2358 2074 X.
2389 2006 2557 2073 inte-

966 2159 971 2164 »
1064 2118 1198 2203 gris
1226 2118 1571 2183 coaluisse.
1870 2101 1875 2104 ι

1190 2219 1387 2311 Quod
1449 2217 1716 2284 evenire
1790 2213 2001 2290 solet,
2078 2211 2407 2297 debetque
2449 2212 2552 2288 iis,

1061 2322 1176 2405 qui
1233 2323 1518 2396 incerta,
1580 2339 1793 2401 vaga„
1834 2315 2211 2380 fluctuantia
2271 2314 2349 2377 ad
2408 2333 2553 2378 cer·

1056 2436 1190 2486 tam
1238 2421 1556 2508 quandam
1609 2423 1830 2504 legem
1882 2437 2200 2482 revocare
2245 2415 2549 2480 obnixius

1052 2523 1396 2602 laborant,
1452 2523 1758 2586 nimirum
1816 2534 1890 2583 ut
1942 2520 2238 2583 doctrina
2312 2517 2594 2583 tradita‘

1052 2639 1395 2710 postremo
1434 2631 1658 2710 ‘aeque
1722 2625 1806 2687 sit
1848 2624 2136 2699 incerta,
2196 2620 2551 2686 fluctuans·

1053 2746 1216 2812 que,
1274 2748 1463 2811 quam
1508 2738 1657 2795 sunt
1708 2746 1817 2802 ea,
1876 2724 2049 2786 unde
2088 2723 2267 2787 illam
2320 2717 2549 2787 hause-

1052 2845 1249 2905 runt,
1293 2829 1464 2892 istud
1498 2827 1771 2891 eruditis
1815 2827 1917 2890 his
1943 2827 2194 2890 Illviris
2233 2826 2382 2908 ju're
2412 2846 2550 2891 me-

1050 2931 1185 2995 rito
1221 2930 1570 3006 accidisse,
1613 2928 1679 2990 in
1709 2940 1937 3012 aperto
1975 2940 2094 2992 est.
2183 2926 2397 3016 Quam
2431 2946 2547 2994 ve-

1048 3055 1126 3096 ra
1157 3033 1436 3095 edixerit
1477 3031 1813 3107 Norisim,
1859 3029 2189 3094 docebunt
2239 3029 2545 3097 observa-

1049 3113 1161 3208 ta:
1230 3154 1395 3219 quae
1472 3134 1671 3197 modo
1742 3134 2097 3219 proposui,
2174 3124 2331 3196 'cum
2401 3119 2544 3217 eju's

1046 3239 1417 3323 praeceptis
1480 3251 1870 3322 comparata.
1938 3226 2150 3329 'Quid
2210 3235 2293 3298 de
2335 3238 2542 3321 ·Pagii

1047 3340 1442 3417 canonibus,
1500 3339 1823 3415 verbose,
1893 3353 1964 3403 et
2017 3361 2251 3424 magna
2310 3359 2539 3402 rerum

1045 3451 1711 3528 argumentorumque
1786 3441 2117 3525 farragine
2203 3441 2535 3525 expositis,

1041 3543 1461 3629 judicandum
1506 3545 1630 3621 sit,
1694 3545 1948 3627 ample,
2013 3565 2088 3607 ae
2128 3564 2290 3611 vere
2336 3564 2537 3628 expo·

1046 3649 1176 3710 suit
1202 3645 1630 3709 Mazzolenus
1662 3658 1802 3711 toto
1851 3647 2128 3711 articulo
2155 3649 2266 3714 IV.
2298 3645 2535 3710 disser-

1043 3747 1308 3810 tationis
1352 3744 1685 3822 laudatae,
1745 3746 1928 3824 cuius
1989 3769 2239 3811 summa
2298 3769 2383 3813 eo
2428 3769 2534 3812 re·

1045 3847 1187 3919 dit,
1241 3843 1473 3937 ludere
1531 3847 1745 3908 virum
1788 3849 2147 3931 insignem,
2209 3851 2322 3932 qui
2364 3871 2532 3916 nova

1045 3966 1257 4038 saepe⁴
1280 3943 1559 4021 indicia,
1598 3936 1930 4033 novasque
1970 3970 2237 4031 semper
2269 3953 2535 4034 conjun-

1047 4063 1268 4115 cturas
1304 4046 1881 4133 quinquennalium
1919 4053 2198 4133 promit,
2258 4065 2366 4114 aut
2401 4071 2537 4115 me·

974 4184 975 4187 ¹
1042 4142 1326 4216 moratas
1360 4150 1646 4237 repetit,
1714 4150 1826 4238 qni
1868 4158 2065 4236 saepe
2090 4173 2196 4215 ·ex
2238 4153 2535 4218 consula·

1042 4248 1217 4319 tibus
1251 4250 1756 4339 qffiinquennalia
1791 4256 2043 4340 arguit,
2104 4254 2398 4341 quamvis
2448 4274 2533 4318 ex

1046 4356 1635 4445 quinquennalibus
1677 4348 2048 4422 consulatus
2108 4377 2392 4442 arguere
2436 4357 2532 4417 in·

1041 4457 1365 4534 stituerit,
1411 4469 1480 4519 et
1510 4477 1679 4541 quae
1704 4474 1855 4527 sunt
1887 4459 1956 4521 id
1977 4480 2184 4543 genus
2211 4459 2358 4524 alia.
2402 4459 2546 4521 Ex·-

2271 397 2570 484 C'APV
2589 399 2654 473 T
2736 399 2937 474 XIV.

2681 584 2868 666 posui
2919 582 3212 648 breviter
3257 583 3572 668 judicium
3607 589 3975 674 Masseleni,
4015 617 4083 665 ne

2679 689 2857 749 solus
2905 704 3031 767 ego
3073 685 3407 765 audacius,
3468 690 4086 780 inconsultiusque‘ab

2680 808 2886 871 gnere
2934 789 3192 862 videar,
3250 789 3362 874 qui
3396 793 3585 875 vPagii
3621 794 3685 856 in
3729 795 3965 862 historia
3993 800 4087 862 cri·

2677 890 2805 952 tica
2858 909 3006 953 cum
3055 889 3247 954 laude
3287 894 3528 957 versati
3575 907 3856 959 votorum
3896 899 4084 963 doctri·

2677 1012 2825 1054 nam
2886 994 2950 1053 in
3009 993 3283 1055 eruditis
3339 1000 3723 1060 commentis
3791 998 4085 1066 habendam

2679 1094 2945 1156 omnino
2995 1094 3156 1156 milti
3191 1098 3581 1179 persuadeo.
3674 1100 3814 1195 Qua
3856 1100 3928 1162 de
3960 1102 4089 1167 veri·

2677 1208 2805 1256 tate
2869 1198 2926 1257 si
2987 1199 3132 1279 quis
3197 1197 3408 1261 statim
3472 1199 3653 1263 volet
3708 1202 4002 1278 convinci,
4046 1206 4087 1265 is

2675 1317 2919 1382 quaeso
2961 1299 3070 1361 vel
3121 1303 3299 1363 solos
3352 1299 3575 1361 titulos
3619 1314 3765 1365 octo
3815 1322 4088 1373 canonum.

2675 1399 2740 1458 in
2776 1398 3007 1482 quibus
3050 1404 3355 1465 universa
3395 1403 3535 1482 ejus
3569 1401 3856 1465 doctrina
3899 1403 4087 1482 nititur,

2675 1500 2895 1563 obiter
2929 1502 3258 1586 inspiciat,
3292 1523 3380 1567 ac
3416 1517 3553 1565 tum
3602 1506 3958 1588 experietur
3982 1517 4094 1568 cen·

2675 1605 2896 1679 tinne,
2943 1627 3142 1689 quam
3168 1608 3226 1667 is
3257 1623 3381 1688 pro
3417 1603 3693 1667 libidine
3726 1605 4094 1691 quinquenna-

2674 1706 2831 1767 lium
2888 1705 3427 1771 decennaliumve
3486 1708 3658 1789 justa
3722 1708 3910 1791 spatia
3946 1709 4093 1781 laxet,

2672 1809 3128 1885 contrabatve,
3173 1829 3250 1871 ea
3288 1829 3434 1872 cum
3487 1808 3917 1873 consulatibus
3944 1824 4093 1893 copu-

2668 1911 2799 1985 let,
2864 1923 2971 1973 aut
3015 1910 3098 1972 ab
3154 1909 3234 1972 iis
3294 1924 3558 1993 separet
3583 1958 3601 1988 ,
3665 1911 3913 1975 tametsi
3950 1909 4099 1973 confi·

2669 2012 2908 2075 denter
2942 2012 3408 2095 pronunciaret
3438 2015 3500 2094 ¹)
3519 2057 3534 2088 ,
3582 2036 3665 2077 ea
3696 2026 3900 2077 votae
3922 2018 4098 2077 Caese-

2667 2120 2847 2180 rs'bns
2863 2159 2879 2188 ,
2923 2119 3030 2179 vel
3062 2117 3552 2194 imperatoribus
3578 2119 3904 2179 consulem·
3929 2117 4101 2177 trabea

2639 2221 2912 2306 ⁸indutis
2931 2263 2948 2294 ,
3006 2222 3184 2299 qaod
3227 2220 3473 2280 nemini
3514 2220 3829 2280 kactenus
3872 2219 4105 2279 observe-

2665 2331 2800 2383 tnm
2816 2364 2834 2394 ,
2871 2321 3105 2398 per-aqi
3132 2320 3345 2398 fuisse
3364 2321 3560 2381 solita
3578 2359 3605 2394 ,
3650 2321 3916 2400 indeque
3938 2333 4105 2378 sem

2663 2425 2815 2483 dam
2856 2404 3301 2483 consulatuum
3354 2422 3821 2482 Caesareos-sem
3874 2420 4104 2499 νομάσι

2661 2525 2912 2597 deduci,
2952 2517 3181 2606 paucis,
3205 2532 3276 2580 ut
3305 2539 3448 2581 rem
3479 2519 3922 2602 complectar,
3960 2536 4104 2601 quam

2660 2620 2718 2684 is
2764 2617 2978 2684 emnia
3027 2621 3112 2686 ad
3139 2641 3407 2708 „merum
3459 2622 3816 2683 'arbitrium
3870 2619 4104 2692 advocet,

2661 2722 2958 2786 ut‘dictis
2995 2722 3126 2786 suis
3168 2722 3369 2786 fidem
3404 2724 3706 2803 faceret,
3771 2744 3913 2788 cum
3941 2735 4107 2782 tamen

2663 2826 3017 2891 ostendere
3036 2827 3271 2905 vellet,
3317 2826 3491 2914 quod
3525 2826 3790 2892 diserte
3820 2814 4130 2891 eodemle?

2661 2948 2741 2993 co
2779 2930 2853 2991 in
2897 2951 2970 2994 se
3013 2924 3325 3013 recepit,'
3369 2944 3690 3017 qnantum
3753 2950 3961 3006 sacra,
3997 2941 4109 3010 pro·

2658 3028 2937 3114 fanaque
2998 3032 3273 3096 historia
3342 3052 3467 3116 per
3537 3034 3856 3118 quinque
3902 3028 4114 3094 circiter

2656 3133 2916 3198 saecula
2949 3149 3247 3198 accurata
3290 3149 3602 3199 voterem
3659 3132 4021 3217 cognitione
4054 3126 4111 3187 il·

2653 3232 2920 3297 lustrari
2977 3237 3203 3321 possit.
3303 3237 3483 3298 Istud
3543 3251 3744 3302 certe
3819 3232 4116 3299 adfictum

2652 3356 2954 3420 possum,
3000 3351 3244 3402 tantum
3280 3338 3545 3415 abesse,
3591 3351 3672 3402 ut
3705 3339 3996 3423 perlecta
4023 3331 4117 3392 hnc

2650 3438 2858 3522 Pagii.
2898 3437 3331 3523 disputatione
3398 3452 3570 3504 tanta
3633 3461 3873 3505 rerum
3932 3433 4122 3501 verbe·

2646 3561 2926 3624 rumque
2961 3541 3184 3627 copia,
3250 3556 3318 3605 et
3364 3543 3763 3628 ambagibus
3798 3526 4122 3619 conscripta

2649 3644 2926 3726 amplius
3000 3644 3069 3707 in
3124 3659 3429 3711 votorum
3488 3645 3773 3729 legibue
3841 3641 4121 3712 erudirer,

2647 3758 2721 3806 ut
2762 3744 3075 3832 deinceps
3130 3748 3342 3813 adhuc
3407 3769 3629 3812 essem
3692 3748 3915 3812 multo
3953 3746 4144 3811 incer-t

2648 3847 2809 3924 tier,
2855 3861 2925 3911 et
2961 3849 3068 3912 vix
3092 3850 3378 3933 aliquem
3411 3850 3911 3921 exiam-edibili
3940 3842 4125 3910 lectio·

2648 3949 2756 4011 nis'
2779 3949 3041 4013 fastidio
3071 3951 3359 4016 fructum
3390 3953 3765 4018 referrem.
3855 3950 3961 4018 Ad
3988 3948 4130 4011 uas·

2649 4052 2874 4113 soleni
2910 4068 3258 4138 praecepta
3311 4054 3487 4140 quod
3523 4057 3820 4131 attinet,
3877 4052 4034 4116 satis
4059 4047 4129 4106 in·

2646 4152 2910 4232 tellexi,
2975 4177 3125 4220 eum
3189 4158 3575 4220 sententiam
3650 4157 3748 4221 de
3799 4157 4017 4242 primo
4051 4166 4138 4215 vo-

2643 4267 2861 4317 torum
2922 4277 3093 4320 anno
3151 4242 3551 4343 incompleto
3623 4280 3774 4323 non
3844 4258 4030 4322 aliam
4068 4248 4136 4314 ob

2646 4375 2902 4420 causam
2942 4360 3384 4445 excogitasse,
3428 4382 3630 4446 quam
3679 4377 3766 4426 ut
3803 4360 4141 4426 doctriua

2645 4480 2838 4523 suam»
2885 4459 2970 4522 de
3001 4483 3201 4528 ·anuo
3253 4465 3477 4549 primo·
3518 4463 3947 4530 tribuniciae
3988 4468 4142 4547 pote·

1111 4663 1175 4735 a)
1214 4662 1362 4740 Cap·
1402 4662 1477 4725 11.
1515 4664 1627 4724 suh
1664 4665 1802 4728 init.
