4388 5576
938 445 1081 584 ³⁹⁸
1162 515 1171 520 ·

2082 521 2089 528 ,
2210 425 2612 522 GAPVT
2671 441 2770 520 X.

944 642 1186 712 eximie
1221 637 1485 705 doetum
1527 636 1657 699 hoc
1695 643 1874 697 tanto
1912 648 2030 695 suo
2069 629 2254 705 nisu,
2301 642 2472 713 tan--
2548 625 3072 713 praescripsere‚
3147 618 3225 684 ad
3295 617 3658 685 faciendam
3719 620 3787 686 ei
3844 619 4040 688 {idem

943 763 1010 812 ta
1053 728 1268 809 effusa.
1305 752 1842 822 argumentorum
1887 732 2101 810 mole,
2156 752 2282 815 qua
2325 729 2435 794 vel

943 847 1233 932 legenda
1291 844 1434 930 quis
1493 840 1688 906 facile
1758 837 2172 911 succumbat,
2242 847 2435 916 atque

943 951 1252 1014 universo
1289 946 1416 1009 hoc
1453 965 1570 1007 suo
1605 956 1913 1026 apparatu
1943 937 2117 1002 istud
2151 934 2438 1019 denique

947 1050 1344 1122 obtinuisse,
1386 1060 1458 1109 ut
1505 1068 1697 1129 quam
1746 1042 2024 1106 maxime
2076 1038 2439 1103 doctrinam

947 1150 1484 1239 propugnandam
1533 1158 1945 1231 susceperat,
2007 1141 2289 1206 maxime
2338 1157 2443 1201 re-

946 1249 1273 1342 pudianda
1343 1250 1704 1326 videretur.
1789 1247 1967 1311 Nolo
2041 1243 2182 1326 ejus
2252 1261 2443 1324 argu-

944 1357 1191 1422 mentis
1235 1353 1612 1438 singillatim
1654 1347 2006 1416 recitandis
2052 1343 2446 1409 refutandis·

890 1489 897 1492 μ
952 1481 1082 1545 que
1122 1459 1359 1522 lectori
1401 1455 1739 1538 negotium
1788 1451 2203 1532 taediumque
2240 1445 2446 1510 faces-

946 1583 1140 1638 sere,
1195 1559 1371 1645 quod
1426 1577 1599 1620 nunc
1654 1567 1833 1640 tantu
1893 1552 2103 1614 miuus
2146 1569 2448 1613 necessa·

878 1665 881 1678 ⁸
949 1666 1119 1727 ri'um
1157 1661 1542 1743 putandum,
1582 1657 1755 1743 quod
1793 1676 1868 1717 ea
1898 1653 2039 1736 ipsa
2068 1652 2138 1715 iu
2171 1672 2448 1737 sequen-

949 1767 1123 1829 tibus
1166 1761 1652 1828 commentariis
1693 1757 2160 1844 producentur.

1181 1981 1707 2050 SENTENTIA
1760 1983 1827 2044 A
1831 1984 1895 2040 V
1889 1978 2218 2042 croam.

1086 2172 1462 2235 Tribnm'cs‘a
1492 2176 1777 2247 potestas
1811 2167 2266 2243 imperatorum
2300 2162 2451 2224 iter·

951 2284 1070 2337 ata
1123 2282 1219 2334 est
1267 2274 1400 2342 sic,
1454 2277 1530 2329 sut
1558 2288 1641 2329 ea
1674 2270 1756 2328 ab
1791 2270 2084 2346 Auyusto
2124 2284 2325 2346 usque
2349 2265 2456 2325 ad

948 2376 1349 2438 Antoninum
1377 2372 1563 2431 Pium
1589 2377 2004 2430 renovaretur
2032 2369 2311 2451 sinqulis
2336 2385 2449 2427 aa·

942 2478 1056 2539 ais
1089 2495 1163 2536 eo
1196 2477 1336 2546 die,
1381 2492 1504 2553 quo
1540 2479 1802 2546 accepta
1832 2478 1965 2544 est,
2009 2471 2160 2531 inde
2192 2470 2277 2529 ab
2314 2470 2450 2529 An-

946 2580 1170 2641 tonino
1221 2577 1339 2636 Pio
1386 2593 1585 2654 usque
1624 2575 1719 2631 ad
1761 2555 2130 2632 Gallienum
2170 2570 2451 2650 sinqulie

945 2662 1264 2741 Kalendis
1303 2676 1662 2736 lan-uariis.

1073 2777 1237 2838 Pars
1265 2773 1481 2857 prior,
1529 2792 1693 2856 quae
1726 2770 1920 2853 plane
1956 2781 2057 2833 est
2087 2765 2449 2832 secundum

946 2889 1237 2940 mentem
1269 2872 1597 2945 Panvinii,
1643 2871 1837 2937 facile
1869 2871 2281 2954 intelligitur.
2338 2872 2452 2935 Al-

946 2992 1089 3043 tera
1134 2980 1228 3043 sie
1280 2976 1626 3061 capienda,
1690 2987 1798 3050 ut,
1859 2993 2251 3058 quocunque
2297 2973 2451 3038 anni

948 3063 1183 3146 iuliani
1210 3080 1335 3141 die
1348 3081 1493 3162 quis
1526 3077 1870 3141 tribunicia
1903 3089 2226 3162 potestate
2253 3078 2302 3138 1.
2337 3076 2456 3141 do-

945 3198 1256 3261 naretur,
1301 3182 1615 3266 proximis
1653 3178 1972 3243 Kalendis
2011 3180 2323 3243 Ianuariis
2357 3179 2453 3240 in·

948 3287 1223 3350 choaret
1292 3283 1678 3360 secundam,
1757 3283 1882 3345 etsi
1939 3280 2079 3363 ejus
2139 3294 2449 3366 acceptae

880 3386 883 3387 ⁷
949 3399 1212 3470 tempus
1283 3386 1505 3469 paucis
1578 3398 1827 3449 tantum
1898 3383 2265 3465 mensibus,
2337 3381 2450 3449 vel

949 3489 1148 3554 etiam
1194 3488 1422 3552 diebus
1466 3487 1672 3551 dictas
1716 3488 2047 3550 Kalendas
2095 3483 2452 3568 praeoede-

948 3603 1096 3667 ret‚
1159 3609 1244 3655 eo
1279 3590 1472 3674 plane
1516 3587 1712 3652 modo
1736 3633 1754 3665 ,
1811 3609 1941 3671 quo
1979 3578 2447 3670 imperatorum

880 3760 881 3765 ,
948 3712 1156 3756 annos
1188 3689 1763 3755 ab.Alexaudrinis
1812 3703 2220 3772 computatos
2268 3687 2453 3753 novi·

953 3808 1123 3859 mus.
1209 3792 1487 3871 Addidi,
1552 3793 1727 3855 hunc
1772 3791 2037 3856 modum
2089 3790 2449 3855 obtinuisse

954 3913 1163 3979 usque
1193 3894 1275 3956 ad
1305 3893 1711 3968 Gallienum,
1755 3893 1909 3978 quia
1936 3893 2057 3957 sub
2087 3893 2251 3968 hoc,
2296 3892 2455 3978 quin

955 3997 1085 4078 jam
1131 3994 1254 4059 sub
1301 4007 1485 4075 patre
1520 3994 1876 4061 Valeriano
1922 3994 2128 4059 additi
2169 3994 2496 4059 tribuna-·

954 4111 1139 4162 tuum
1189 4096 1449 4160 numeri
1503 4096 1573 4157 in
1624 4099 2062 4161 monumentis
2114 4098 2451 4162 veteribus

958 4198 1126 4264 adeo
1154 4210 1304 4265 s'unt
1330 4199 1729 4285 perturbati,
1772 4215 1845 4264 ut
1873 4201 1999 4283 jam
2028 4202 2109 4265 ad
2136 4200 2452 4266 historiae

955 4318 1023 4368 et
1048 4302 1522 4386 chronologiae
1552 4324 1737 4365 usum
1766 4303 1874 4367 vix
1900 4305 2066 4367 certi
2098 4303 2451 4389 quidquam
2494 4378 2500 4384 ¹

957 4406 1267 4470 conferre·
1308 4404 1636 4490 incipiant.
2251 4464 2258 4471 .

1049 4481 1059 4529 ⁵
1083 4508 1250 4572 Cum
1294 4506 1589 4573 doctrina
1634 4505 1798 4571 baec
1841 4516 1892 4572 a·
1921 4510 2188 4573 nemine
2236 4508 2456 4571 haete-

958 4631 1080 4675 nus
1139 4607 1221 4672 sit
1278 4608 1548 4688 tradita,
1609 4623 1676 4671 et
1734 4607 2121 4676 adversetur
2162 4610 2452 4676 omnium

961 4711 1339 4791 sententiis,
1395 4712 1507 4795 qui
1566 4710 1782 4775 iterati
1840 4712 2208 4778 tribunatus
2264 4713 2453 4800 leges
2515 4710 2518 4713 ’

2498 740 2506 747 ’
2550 751 2893 796 necessum
2940 725 3321 810 cumprimis
3365 739 3465 812 e-st
3500 742 4044 801 commemorare,

2553 854 2711 942 quas
2772 845 3035 896 secutus
3096 829 3516 904 auctoritates
3573 844 3641 892 et
3694 840 4044 910 praecepta

2553 935 2718 1000 banc
2763 932 3164 999 'sententiam
3223 932 3560 1031 maluerim
3622 929 3919 1014 eligere,
3962 946 4046 992 ne

2553 1037 2926 1103 inconsulto
2987 1054 3152 1100 unus
3212 1031 3539 1097 contraire
3600 1032 3937 1108 omnibus,
3980 1044 4050 1093 et

2552 1143 2704 1228 plus
2757 1139 2952 1218 mihi,
3016 1157 3204 1223 quam
3251 1150 3347 1200 tot
3392 1136 3547 1201 viris
3589 1133 3828 1198 summi
3869 1131 4050 1217 inge*

2555 1243 2651 1307 nii
2667 1259 2686 1321 '‚
2732 1255 2799 1308 et
2843 1239 3180 1305 doctrinae
3226 1238 3519 1302 tribuere
3567 1236 3839 1306 videar.-

2682 1342 3049 1411 REGVLA
3092 1344 3143 1405 1.
3230 1345 3312 1405 In
3339 1346 3736 1424 explorando
3763 1341 3913 1408 trib.
3934 1359 4048 1418 po·

2557 1452 2812 1515 teetats's
2839 1452 3025 1510 modo
3052 1448 3397 1509 certisss'ms‘
3419 1448 3654 1509 arbitri
3679 1454 3832 1508 aunt
3851 1444 4048 1505 numi.
4156 1488 4164 1495 .

2641 1539 3116 1631 'Praeceptum
3162 1546 3335 1609 istud
3380 1546 3584 1629 magis
3622 1540 4053 1606 illustrabitur

2558 1653 2643 1720 ab
2685 1652 2798 1722 iis,
2846 1667 3009 1734 quae
3052 1648 3136 1713 ad
3175 1651 3476 1732 regulam
3519 1649 3630 1712 111.
3675 1646 3984 1709 monebo.

2597 1776 2636 1818 ⁶,
2687 1750 3049 1821 REGVLA
3095 1753 3182 1814 11.
3240 1756 3389 1815 Nou
3418 1755 3801 1816 admittenda·
3828 1754 4056 1814 adhoc

2559 1852 2902 1922 arbitrium
2942 1857 3157 1929 numi,
3197 1857 3334 1916 nisi
3373 1856 3641 1932 sinceri,
3685 1865 3753 1916 et
3789 1857 4054 1936 aquitae

2553 1961 2923 2041 probitatis.

2687 2062 2791 2122 En
2840 2057 2957 2119 tibi
2996 2055 3282 2142 lapidem
3328 2057 3501 2121 male
3542 2056 3932 2134 ominatum,
3974 2053 4056 2120 ad

2517 2149 2523 2155 ’
2563 2180 2758 2247 quem
2819 2160 3162 2245 impegere
3224 2160 3349 2226 viri
3392 2158 3695 2234 maximi,
3753 2158 3883 2224 boe
3925 2176 4057 2221 uno

2564 2264 2738 2329 forte
2800 2261 3142 2347 culpandi,
3224 2263 3402 2347 quod
3467 2259 3726 2326 creduli
3784 2261 4055 2325 nimium
4163 2263 4170 2274 '

2563 2366 2775 2429 fuere.
2850 2363 3293 2448 Arripuerunt
3331 2364 3434 2428 illi
3474 2364 3694 2440 avide,
3742 2361 4059 2450 quidquid

2561 2466 2675 2532 vel
2733 2464 3072 2546 Goltzius,
3134 2469 3244 2531 vel
3304 2466 3525 2543 Occu,
3585 2466 3697 2531 vel
3741 2465 3890 2548 ejus
3929 2486 4059 2530 am·

2562 2568 2804 2652 pliator
2845 2568 3312 2638 mediobarbus
3349 2570 3815 2651 vulgaverant,
3858 2568 4055 2654 idque

2565 2671 2867 2755 tanquam
2897 2695 2948 2749 ‚a
2990 2672 3230 2752 Pythio
3289 2669 3596 2736 dictatum
3652 2670 4055 2754 sequendum

2567 2771 2914 2837 duxerunt.
2955 2840 2972 2851 „
3001 2775 3088 2835 At
3122 2794 3249 2859 ego
3286 2794 3482 2856 saepe
3522 2794 3645 2859 per
3680 2794 3844 2858 opus
3877 2793 4062 2856 prae·

2566 2896 2716 2951 sens
2769 2897 2900 2938 non
2948 2876 3156 2965 medo
3194 2875 3565 2953 adfirmavi,
3626 2875 3746 2939 sed
3792 2876 4060 2941 demon·

2565 2978 2764 3044 stravi
2824 2979 3056 3053 etiam,
3115 2977 3292 3039 nihil
3339 2997 3488 3041 esse
3550 2978 3819 3044 Goltaio
3882 2978 4060 3043 falla-

2565 3081 2738 3156 cius,
2795 3081 2960 3142 nihil
3007 3080 3422 3144 Mediobarbi
3466 3078 3761 3161 catalogo
3807 3080 4060 3165 indige*-

2565 3184 2746 3247 atius.
2835 3184 3159 3247 Nimirum
3222 3182 3698 3265 praestantibus
3758 3182 3860 3245 his
3904 3182 4062 3247 viris

2566 3286 2844 3349 defuere
2881 3304 3103 3348 musea
3138 3284 3418 3367 antiquis
3457 3282 3690 3365 opibus
3724 3282 4062 3348 liberalius

2565 3387 2879 3451 instructa
2905 3429 2922 3462 ,
2967 3405 3115 3448 cum
3161 3370 3395 3469 quibus
3441 3383 3740 3468 vulgatos
3782 3385 3906 3451 hos
3946 3409 4064 3450 nu-

2566 3508 2709 3550 mos
2753 3485 3159 3551 conferendo
3197 3485 3561 3569 potuissent
3604 3489 3908 3573 reperire
3954 3511 4063 3556 ve·

2564 3609 2743 3663 rum,
2806 3603 2915 3652 aut
2981 3587 3163 3654 velut
3233 3596 3534 3673 torrente
3604 3590 3861 3676 abrepti
3927 3611 4064 3658 non

2565 3691 2705 3753 ausi
2781 3706 2932 3755 sunt
3018 3687 3320 3757 diffidere
3398 3692 3806 3774 praeconiis,
3893 3715 4062 3780 quae

2565 3792 2784 3857 omnia
2828 3793 3240 3861 eruditorum
3301 3795 3602 3878 conlegia
3646 3794 3816 3878 legis
3857 3796 4064 3862 instar

2567 3913 2912 3979 recepere.
2958 3897 3119 3960 Cum
3159 3896 3366 3981 igitur
3397 3912 3745 3982 utrumque
3781 3900 4063 3986 perinde

2568 3998 2920 4062 molestum
2958 4013 3170 4076 esset,
3216 4002 3355 4065 sive
3386 4001 3600 4063 numis
3635 4000 3835 4067 fidem
3867 4003 4066 4068 babe-

2565 4115 2754 4177 rent,
2797 4101 2937 4166 sive
2982 4117 3339 4185 negarent,
3383 4102 3584 4179 illud,
3631 4104 3808 4189 quod
3850 4105 4064 4172 infiat-2

2570 4202 2650 4265 tis
2732 4202 2981 4285 laqueis
3051 4223 3307 4267 causam
3385 4204 3794 4290 implicaret,
3866 4204 4074 4289 istud„

2568 4304 2741 4387 q'uod
2781 4305 2996 4368 nimio·
3025 4308 3446 4371 temerarium
3491 4307 3863 4388 videretur,
3924 4325 4066 4378 mo·

2463 4426 2466 4431 '
2568 4409 2895 4475 asmentia
2939 4409 3305 4484 veteribus,
3363 4423 3430 4472 et
3468 4412 3727 4477 coaevis
3760 4411 3945 4479 nolle
3980 4411 4067 4477 ad
4158 4464 4164 4471 .

2569 4508 2803 4575 causae
2892 4512 3334 4596 cognitionem
3416 4513 3551 4588 uti,
3646 4513 4061 4593 incredibile,

2569 4634 2761 4695 quam
2808 4616 3140 4695 perversis
3184 4634 3380 4699 saepe
3421 4613 3683 4696 judiciis
3728 4636 3919 4682 eausa
3962 4639 4067 4683 su·

2567 4727 2716 4801 apte
2760 4714 2932 4782 bona
2977 4714 3181 4783 fuerit
3222 4718 3631 4802 impugnata,
3688 4732 3797 4784 aut
3839 4720 4059 4807 iniqua
4092 4793 4122 4805 κ
